
@report{ackerman_chinook_2014,
	title = {Chinook and Steelhead genotyping for genetic stock identification at Lower Granite Dam. Report to Bonneville Power Administration.},
	pages = {68},
	type = {Proj.\# 2010-026-00.},
	author = {Ackerman, M. and Vu, N. and {McCane}, J. and Steele, C. and Campbell, M. and Matala, A. and Hess, J. and Narum, S.},
	date = {2014},
	langid = {english},
}

@article{ackerman_evaluation_2019,
	title = {Evaluation of juvenile salmonids passage through the North Fork Hydroelectric Development. 2018 Progress Report. Clackamas River Project ({FERC} No. 2195)},
	volume = {32},
	pages = {132},
	issue = {a},
	journaltitle = {Appendix D, Article 32(b), and Appendix E, Article},
	author = {Ackerman, N.K. and Pyper, B.},
	date = {2019},
	langid = {english},
}

@article{ackerman_evaluation_2020,
	title = {Evaluation of juvenile salmonids passage through the North Fork Hydroelectric Development. 2019 Progress Report. Clackamas River Project ({FERC} No. 2195)},
	pages = {62},
	journaltitle = {Appendix D, Article 32(b), and Appendix E, Article 32(a)},
	author = {Ackerman, N.K. and Pyper, B.},
	date = {2020},
	langid = {english},
}

@article{anderson_review_2019,
	title = {A review of groundfish surveys in 2018 and an introduction to the groundfish data synopsis report. Pages 90 – 95},
	volume = {3314},
	url = {https://www.dfo-mpo.gc.ca/oceans/publications/soto-rceo/2018/index-eng.html.},
	journaltitle = {Canadian Technical Report of Fisheries and Aquatic Sciences},
	author = {Anderson, S. and Workman, G.},
	editor = {Boldt, J.L. and Leonard, J. and Chandler, P.C.},
	date = {2019},
	langid = {english},
}

@report{arnsberg_snake_2020,
	title = {Snake River fall Chinook salmon spawning summary. Cooperative report by the Nez Perce Tribe, Idaho Power Company, U.S. Geological Survey, and the Washington Department of Fish and Wildlife},
	url = {https://www.cbfish.org/Document.mvc/Viewer/P164600.},
	author = {Arnsberg, B. and Alcorn, B. and Tiffan, K. and Bickford, B. and Oakerman, A.},
	date = {2020},
	langid = {english},
}

@report{arnsberg_snake_2020-1,
	title = {Snake River fall Chinook salmon spawning summary},
	pages = {8},
	institution = {Nez Perce Tribe, Idaho Power Company, and Washington Department of Fish and Wildlife},
	author = {Arnsberg, B. and Broncheau, B. and Sublett, M. and Alcorn, B. and Tiffan, K. and Bickford, B. and Bumgarner, J.},
	date = {2020},
	langid = {english},
}

@article{atcheson_potential_2012,
	title = {Potential trophodynamic and environmental drivers of steelhead (Oncorhynchus mykiss) productivity in the North Pacific Ocean},
	volume = {21},
	pages = {321--335},
	number = {5},
	journaltitle = {Fisheries Oceanography},
	author = {Atcheson, M.E. and Myers, K.W. and Davis, N.D. and Mantua, N.J.},
	date = {2012},
	langid = {english},
}

@report{banks_genetics-based_2014,
	title = {A genetics-based evaluation of the spring Chinook salmon reintroduction program above Cougar Dam, South Fork {McKenzie} River, 2007-2013},
	url = {https://agsci.oregonstate.edu/sites/agscid7/files/cougar_dam_2014_june_tech_report.pdf.},
	pages = {34},
	institution = {June 2014 Report to the U.S. Army Corps of Engineers},
	author = {Banks, M.A. and Sard, N.M. and O’Malley, K.G. and Jacobson, D.P. and Hogansen, M. and Johnson, M.A.},
	date = {2014},
	langid = {english},
}

@report{banks_escapement_2013,
	title = {Escapement and productivity of steelhead and spring Chinook salmon in the John Day River, 2012 Annual Report},
	pages = {185},
	institution = {Bonneville Power Administration Project 1998-016-00},
	author = {Banks, S.K. and Bare, C.M. and {DeHart}, K.B. and Bult, A.M. and Latshaw, J.L. and James, C.A. and Tattam, I.A. and Ruzycki, J.R. and Carmichael, R.W.},
	date = {2013},
	langid = {english},
}

@report{banks_escapement_2014,
	title = {Escapement and Productivity of Steelhead and Spring Chinook Salmon in the John Day River, 2013 Annual Report},
	pages = {92},
	author = {Banks, S.K. and Bare, C.M. and {DeHart}, K.B. and Latshaw, J.L. and James, C.A. and Tattam, I.A. and Ruzycki, J.R. and Carmichael, R.W.},
	date = {2014},
	langid = {english},
}

@report{bare_escapement_2015,
	title = {Escapement and productivity of steelhead and spring Chinook salmon in the John Day River, 2014 Annual Report},
	pages = {89},
	institution = {Bonneville Power Administration Project 1998-016-00},
	author = {Bare, C.M. and {DeHart}, K.B. and Salgado, J.A. and Latshaw, J.L. and Rogers, J.J. and Tattam, I.A. and Ruzycki, J.R. and Carmichael, R.W.},
	date = {2015},
	langid = {english},
}

@article{bates_pseudo-nitzschia_2018,
	title = {Pseudo-nitzschia, Nitzschia, and domoic acid: new research since 2011},
	volume = {79},
	pages = {3--43},
	journaltitle = {Harmful Algae},
	author = {Bates, S.S. and Hubbard, K.A. and Lundholm, N. and Montresor, M. and Leaw, C.P.},
	date = {2018},
	langid = {spanish},
}

@collection{beamish_ocean_2018,
	location = {Bethesda, {MD}},
	title = {The ocean ecology of Pacific salmon and trout},
	publisher = {American Fisheries Society},
	editor = {Beamish, R.J.},
	date = {2018},
	langid = {english},
}

@report{beeman_behavior_2013,
	title = {Behavior and dam passage of juvenile Chinook salmon at Cougar Reservoir and Dam},
	pages = {48},
	institution = {U.S. Geological Survey Open-File Report},
	author = {Beeman, J.W. and Hansel, H.C. and Hansen, A.C. and Haner, P.V. and Sprando, J.M. and Smith, C.D. and Evans, S.D. and Hatton, T.W.},
	date = {2013},
	langid = {portuguese},
	note = {Place: Oregon},
}

@article{berejikian_predator-prey_2016,
	title = {Predator-prey interactions between harbor seals and migrating steelhead trout smolts revealed by acoustic telemetry},
	volume = {543},
	pages = {21--35},
	journaltitle = {Marine Ecology Progress Series},
	author = {Berejikian, B.A. and Moore, M.E. and Jeffries, S.J.},
	date = {2016},
	langid = {english},
}

@report{berger_status_2019,
	title = {Status of the Pacific hake (whiting) stock in U.S. and Canadian waters in 2019.},
	pages = {249},
	institution = {Prepared by the Joint Technical Committee of the U.S and Canada Pacific Hake/Whiting Agreement, National Marine Fisheries Service and Fisheries and Oceans Canada},
	author = {Berger, A.M. and Edwards, A.M. and Grandin, C.J. and Johnson, K.F.},
	date = {2019},
	langid = {english},
}

@article{boldt_state_2019,
	title = {State of the Physical, Biological and Selected Fishery Resources of (Pacific) Canadian Marine Ecosystems in 2018},
	volume = {3314},
	url = {https://www.dfo-mpo.gc.ca/oceans/publications/soto-rceo/2018/index-eng.html.},
	pages = {257},
	journaltitle = {Canadian Technical Report of Fisheries and Aquatic Sciences},
	editor = {Boldt, J.L. and Leonard, J. and Chandler, P.C.},
	date = {2019},
	langid = {english},
}

@article{bowersox_examining_2019,
	title = {Examining life history shifts and genetic composition in a hatchery steelhead population, with implications for fishery and ocean selection},
	volume = {148},
	pages = {1056--1068},
	number = {6},
	journaltitle = {Transactions of the American Fisheries Society},
	author = {Bowersox, B.J. and Corsi, M.P. and {McCormick}, J.L. and Copeland, T. and Campbell, M.R.},
	date = {2019},
	langid = {english},
}

@article{brenkman_life_2017,
	title = {Life history observations of adfluvial Chinook Salmon prior to reintroduction of anadromous salmonids},
	volume = {37},
	pages = {1220--1230},
	number = {6},
	journaltitle = {North American Journal of Fisheries Management},
	author = {Brenkman, S.J. and Sutton, K.T. and Marshall, A.R.},
	date = {2017},
	langid = {english},
}

@article{brodeur_unusual_2018,
	title = {An unusual gelatinous plankton event in the {NE} Pacific: the great pyrosome bloom of 2017},
	volume = {26},
	pages = {22--27},
	journaltitle = {{PICES} Press},
	author = {Brodeur, R. and Perry, I. and Boldt, J. and Flostrand, L. and Galbraith, M. and King, J. and Murphy, J. and Sakuma, K. and Thompson, A.},
	date = {2018},
	langid = {english},
}

@article{brodeur_major_2019,
	title = {Major shifts in pelagic micronekton and macrozooplankton community structure in an upwelling ecosystem related to an unprecedented marine heatwave},
	volume = {6},
	url = {https://doi.org/10.3389/fmars.2019.00212},
	doi = {10.3389/fmars.2019.00212},
	number = {212},
	journaltitle = {Frontiers in Marine Science},
	author = {Brodeur, R.D. and Auth, T.D. and Phillips, A.J.},
	date = {2019},
	langid = {english},
}

@inproceedings{bugert_snake_1989,
	location = {Glendedon Beach, Oregon},
	title = {The Snake River Fall Chinook Salmon egg bank program: the final chapter. Pages 148-153},
	booktitle = {Proceedings of the 1989 Northwest Fish Culture Conference},
	author = {Bugert, R. and Hopley, B.},
	editor = {Smith, R.Z.},
	date = {1989},
	langid = {english},
}

@report{bugert_lower_1990,
	location = {Idaho},
	title = {Lower Snake River Compensation Plan Salmon Hatchery Evaluation Program. 1989 annual report},
	institution = {U.S. Fish and Wildlife Service, Lower Snake River Compensation Plan. Boise},
	author = {Bugert, R. and {LaRiviere}, P. and Marbach, D. and Martin, S. and Ross, L. and Geist, D.R.},
	date = {1990},
	langid = {english},
}

@article{bugert_maintenance_1995,
	title = {Maintenance of stock integrity in Snake River fall chinook salmon},
	volume = {15},
	pages = {267--276},
	journaltitle = {American Fisheries Society Symposium},
	author = {Bugert, R.M. and Hopley, C.W. and Busack, C.A. and Mendel, G.W.},
	date = {1995},
	langid = {english},
}

@report{bumgarner_lyons_2015,
	title = {Lyons Ferry Hatchery complex summer steelhead evaluations. 2012 Run Year. Annual Report. \textit{testing}},
	pages = {48},
	institution = {Washington Department of Fish \{and\} Wildlife. Report prepared for U.S. Fish and Wildlife  Lower Snake River Compensation Plan Office. July 2015},
	author = {Bumgarner, J.D. and Dedloff, J.},
	date = {2015},
	langid = {english},
}

@article{burgner_distribution_1992,
	title = {Distribution and origins of steelhead trout (Oncorhynchus mykiss) in offshore waters of the North Pacific Ocean},
	volume = {51},
	pages = {1--92},
	journaltitle = {{INPRC} Bulletin},
	author = {Burgner, R.},
	date = {1992},
	langid = {english},
}

@report{busby_status_1996,
	title = {Status Review of West Coast Steelhead from Washington},
	author = {Busby, P.J. and Wainwright, T.C. and Bryant, G.J. and Lierheimer, L.J. and Waples, R.S. and Waknitz, F.W. and Lagomarino, I.V.},
	date = {1996},
	langid = {english},
	note = {Place: Idaho, Oregon, and California},
}

@misc{caldwell_oregon_2015,
	title = {Oregon Coast Coho {ESU} Status Review Comments. Analysis of historical data and alternate hypotheses for estimating population dynamics},
	author = {Caldwell, L. and Cramer, S.},
	date = {2015},
	langid = {english},
}

@article{cavalli-sforza_phylogenetic_1967,
	title = {Phylogenetic analysis. Models and estimation procedures},
	volume = {19},
	pages = {233--257},
	number = {3},
	journaltitle = {American Journal of Human Genetics},
	author = {Cavalli-Sforza, L.L. and Edwards, A.W.},
	date = {1967},
	langid = {english},
}

@article{chandler_state_2017,
	title = {State of the physical, biological and selected fishery resources of Pacific Canadian marine ecosystems in 2016},
	volume = {3225},
	pages = {243},
	journaltitle = {Canadian Technical Report of Fisheries and Aquatic Sciences},
	editor = {Chandler, P.C. and King, S.A. and Boldt, J.},
	date = {2017},
	langid = {english},
}

@misc{cleary_snake_2018,
	title = {Snake River fall Chinook salmon fidelity and fallback study: final annual progress peport for 2013 to 2017 adult radio telemetry results},
	url = {https://www.cbfish.org/Document.mvc/Viewer/P164872.},
	publisher = {Nez Perce Tribe, Department of Fisheries Resources Management},
	author = {Cleary, P. and Young, B. and Oakerman, A. and Milks, D.},
	date = {2018},
	langid = {english},
	note = {Place: Orofino, {ID}},
}

@misc{cbr_columbia_2020,
	title = {Columbia River Data Access in Real Time},
	url = {http://www.cbr.washington.edu/dart.},
	author = {{C.B.R.} and {U.W.}},
	date = {2020},
	langid = {english},
}

@article{connor_estimating_2001,
	title = {Estimating the carrying capacity of the Snake River for fall Chinook salmon redds},
	volume = {75},
	pages = {363--371},
	journaltitle = {Northwest Science},
	author = {Connor, W.P. and Garcia, A.P. and Connor, A.H. and Garton, E.O. and Groves, P.A. and Chandler, J.A.},
	date = {2001},
	langid = {english},
}

@incollection{connor_retrospective_2016,
	title = {A Retrospective (circa 1800–2015},
	url = {https://docs.cbfwl.org/biblio41266.pdf.},
	booktitle = {on abundance, spatial distribution, and management of Snake River Basin fall Chinook salmon},
	author = {Connor, W.P. and Arnsberg, B.D. and Chandler, J.A. and Cooney, T.D. and Groves, P.A. and Hesse, J.A. and Mendel, G.W. and Milks, D.J. and Rondorf, D.W. and Rosenberger, S.J. and Schuck, M.L. and Tiffan, K.F. and Waples, R.S. and Young, W.},
	date = {2016},
	langid = {english},
}

@article{connor_upstream_2019,
	title = {Upstream migration and spawning success of Chinook salmon in a highly developed, seasonally warm river system},
	volume = {27},
	pages = {1--50},
	number = {1},
	journaltitle = {Reviews in Fisheries Science \& Aquaculture},
	author = {Connor, W.P. and Tiffan, K.F. and Chandler, J.A. and Rondorf, D.W. and Arnsberg, B.D. and Anderson, K.C.},
	date = {2019},
	langid = {english},
}

@article{copeland_life_2017,
	title = {Life history diversity of Snake River steelhead populations between and within management categories},
	volume = {37},
	pages = {395--404},
	number = {2},
	journaltitle = {North American Journal of Fisheries Management},
	author = {Copeland, T. and Ackerman, M.W. and Wright, K.K. and Byrne, A.},
	date = {2017},
	langid = {english},
}

@article{copeland_reconstruction_2015,
	title = {Reconstruction of the 2012/2013 steelhead spawning run into the Snake River basin},
	volume = {32},
	journaltitle = {Report to Bonneville Power Administration},
	author = {Copeland, T. and Bumgarner, J.D. and Byrne, A. and Cleary, P. and Denny, L. and Hebdon, L. and Peery, C.A. and Rosenburger, S. and Sedell, E.R. and Shippentower, G.E. and Warren, C. and Yundt, S.P.},
	date = {2015},
	langid = {english},
}

@report{copeland_idaho_2015,
	title = {Idaho steelhead monitoring and evaluation studies. Annual Progress Report January 1 2014-December 31, 2014},
	institution = {Idaho Department of Fish and Game},
	type = {Report No. 15-12.},
	author = {Copeland, T. and Ziolkowski, E.W. and Roberts, R.V. and Apperson, K.A.},
	date = {2015},
	langid = {english},
}

@misc{noauthor_pfmc_2020,
	title = {{PFMC} (Pacific Fisheries Management Council},
	url = {https://www.pcouncil.org/safe-documents-3/.},
	date = {2020},
	langid = {english},
}

@article{courter_resident_2013,
	title = {Resident rainbow trout produce anadromous offspring in a large interior watershed},
	volume = {70},
	pages = {701--710},
	number = {5},
	journaltitle = {Canadian Journal of Fisheries and Aquatic Sciences},
	author = {Courter, I.I. and Child, D.B. and Hobbs, J.A. and Garrison, T.M. and Glessner, J.J.G. and Duery, S.},
	date = {2013},
	langid = {english},
}

@book{cram_steelhead_2018,
	title = {Steelhead at risk report: assessment of Washington’s steelhead populations},
	pagetotal = {181},
	publisher = {Washington Department of Fish Wildlife},
	author = {Cram, J. and Kendall, N. and Marshall, A. and Buehrens, T. and Seamons, T. and Leland, B. and Ryding, K. and Neatherlin, E.},
	date = {2018},
	langid = {english},
}

@book{crawford_guidance_2011,
	title = {Guidance for monitoring recovery of Pacific Northwest salmon \& steelhead listed under the federal Endangered Species Act},
	pagetotal = {117},
	publisher = {National Marine Fisheries Service},
	author = {Crawford, B.A. and Rumsey, S.M.},
	date = {2011},
	langid = {english},
}

@article{crewson_genetic_2001,
	title = {Genetic characterization of Lake Ozette sockeye salmon for enhancement recovery strategies. {IAC} Grant 01-038.},
	journaltitle = {Final Rep. Research. Hatchery Scientific Review Group},
	author = {Crewson, M. and Haggerty, M. and Ritchie, A. and Young, S. and Shaklee, J. and Currens, K. and Eldridge, W.},
	date = {2001},
	langid = {english},
	note = {Place: Olympia, {WA}
Publisher: Interagency Committee for Outdoor Recreation},
}

@misc{crozier_migration_2018,
	title = {Migration survival of adult Snake River sockeye salmon through the Columbia River Basin},
	url = {https://www.webapps.nwfsc.noaa.gov/assets/26/9567_03132020_144513_Crozier.et.al.2018-Adult-Sockeye-2008-2017-USACE.pdf.},
	publisher = {Research Report for {US} Army Corps of Engineers, Walla Walla District},
	author = {Crozier, L. and Weisebron, L. and Burke, B. and Sandford, B. and Widener, D. and Marsh, T.},
	date = {2018},
	langid = {english},
}

@article{crozier_potential_2008,
	title = {Potential responses to climate change in organisms with complex life histories: evolution and plasticity in Pacific salmon},
	volume = {1},
	pages = {252--270},
	journaltitle = {Evolutionary Applications},
	author = {Crozier, L.G. and Hendry, A.P. and Lawson, P.W. and Quinn, T.P. and Mantua, N.J. and Battin, J. and Shaw, R.G. and Huey, R.B.},
	date = {2008},
	langid = {english},
}

@article{crozier_climate_2019,
	title = {Climate vulnerability assessment for Pacific salmon and steelhead in the California Current Large Marine Ecosystem},
	volume = {14},
	url = {https://doi.org/10.1371/journal.pone.0217711.},
	doi = {10.1371/journal.pone.0217711.},
	pages = {e0217711},
	number = {7},
	journaltitle = {{PLoS} {ONE}},
	author = {Crozier, L.G. and {McClure}, M.M. and Beechie, T. and Bograd, S.J. and Boughton, D.A. and Carr, M. and Cooney, T.D. and Dunham, J.B. and Greene, C.M. and Haltuch, M.A. and Hazen, E.L. and Holzer, D.M. and Huff, D.D. and Johnson, R.C. and Jordan, C.E. and Kaplan, I.C. and Lindley, S.T. and Mantua, N.J. and Moyle, P.B. and Myers, J.M. and Nelson, M.W. and Spence, B.C. and Weitkamp, L.A. and Williams, T.H. and Willis-Norton, E.},
	date = {2019},
	langid = {english},
}

@article{crozier_snake_2020,
	title = {Snake River sockeye and Chinook salmon in a changing climate: Implications for upstream migration survival during recent extreme and future climates},
	volume = {15},
	url = {https://doi.org/10.1371/journal.pone.0238886.},
	doi = {10.1371/journal.pone.0238886.},
	pages = {0238886},
	number = {9},
	journaltitle = {{PLoS} {ONE}},
	author = {Crozier, L.G. and Siegel, J.E. and Wiesebron, L.E. and Trujillo, E.M. and Burke, B.J. and Sandford, B.P. and Widener, D.L.},
	date = {2020},
	langid = {english},
}

@incollection{currens_identification_2009,
	title = {Identification of an independent population of sockeye salmon in Lake Ozette, Washington},
	pages = {18},
	booktitle = {{NOAA} Technical Memorandum {NMFS}-{NWFSC}-96},
	author = {Currens, K. and Fuerstenberg, R. and Graeber, W. and Rawson, K. and Ruckelshaus, M.H. and Sands, N.J. and Scott, J.},
	date = {2009},
	langid = {english},
}

@article{dauble_impacts_2003,
	title = {Impacts of the Columbia River hydroelectric system on main-stem habitats of fall Chinook salmon},
	volume = {23},
	pages = {641--659},
	number = {3},
	journaltitle = {North American Journal of Fisheries Management},
	author = {Dauble, D.D. and Hanrahan, T.P. and Geist, D.R. and Parsley, M.J.},
	date = {2003},
	langid = {english},
}

@incollection{david_upstream_2016,
	title = {Upstream fish passage effectiveness monitoring, 2015 annual report},
	booktitle = {Clackamas River Project ({FERC} 2195},
	publisher = {Prepared by Portland General Electric},
	author = {David, M.M. and Ackerman, N. and Wyatt, G. and Cramer, D.},
	date = {2016},
	langid = {english},
}

@report{denny_yankee_2015,
	title = {Yankee Fork Salmon River Chinook salmon run report},
	pages = {42},
	institution = {Prepared for U.S. Fish and Wildlife Service Lower Snake River Compensation Plan Office},
	type = {Annual report.},
	author = {Denny, L. and Blackadar, R.J.},
	date = {2015},
	langid = {english},
}

@article{denton_estimating_2018,
	title = {Estimating the 2017 Sockeye Salmon Escapement into Lake Ozette rsing an {ARIS} multi-beam {SONAR}},
	journaltitle = {West Coast Region},
	author = {Denton, K. and by Keith Denton, K. Denton and Associates, {LLC}, 672 Hooker Rd.},
	date = {2018},
	langid = {italian},
	note = {Type: Report prepared},
}

@article{lorenzo_multi-year_2016,
	title = {Multi-year persistence of the 2014/15 North Pacific marine heatwave},
	doi = {10.1038/nclimate3082.},
	journaltitle = {Nature Climate Change},
	author = {Lorenzo, E. and Mantua, N.},
	date = {2016},
	langid = {english},
}

@book{dlugokenski_investigation_1981,
	location = {Olympia, {WA}},
	title = {An investigation of the limiting factors to Lake Ozette sockeye salmon production and a plan for their restoration},
	publisher = {U.S. Fish and Wildlife Service, Fisheries Assistance Office},
	author = {Dlugokenski, C. and Bradshaw, W. and Hager, S.},
	date = {1981},
	langid = {english},
}

@report{dornbusch_esa_2013,
	title = {{ESA} Recovery Plan for: Lower Columbia River coho salmon, Lower Columbia River Chinook salmon, Lower Columbia River Chum Salmon, and Lower Columbia River steelhead},
	pages = {503},
	institution = {Prepared by the National Marine Fisheries Service},
	author = {Dornbusch, P.},
	date = {2013},
	langid = {english},
}

@incollection{duguid_historical_2019,
	title = {Historical fluctuations and recent observations of Northern Anchovy Engraulis mordax in the Salish Sea},
	volume = {159},
	pages = {22--41},
	booktitle = {Deep Sea Research Part {II}: Topical Studies in Oceanography},
	author = {Duguid, W.D. and Boldt, J.L. and Chalifour, L. and Greene, C.M. and Galbraith, M. and Hay, D. and Lowry, D. and {McKinnell}, S. and Neville, C.M. and Qualley, J.},
	date = {2019},
	langid = {english},
}

@article{evans_evaluating_2016,
	title = {Evaluating a multi-generational reintroduction program for threatened salmon using genetic parentage analysis},
	volume = {73},
	pages = {844--852},
	number = {5},
	journaltitle = {Canadian Journal of Fisheries and Aquatic Sciences},
	author = {Evans, M.L. and Johnson, M.A. and Jacobson, D. and Wang, J.L. and Hogansen, M. and O'Malley, K.G.},
	date = {2016},
	langid = {english},
}

@article{falcy_detecting_2018,
	title = {Detecting the effects of management regime shifts in dynamic environments using multi-population state-space models},
	volume = {221},
	pages = {34--43},
	journaltitle = {Biological Conservation},
	author = {Falcy, M.R. and Suring, E.},
	date = {2018},
	langid = {english},
}

@incollection{faulkner_survival_2018,
	location = {Portland, Oregon},
	title = {Survival estimates for the passage of spring migrating juvenile salmonids through Snake and Columbia River dams and reservoirs, 2017},
	url = {https://www.nwfsc.noaa.gov/contact/display_staffprofilepubs.cfm?staffid=1524.},
	booktitle = {Draft report of the National Marine Fisheries Service to the Bonneville Power Administration},
	author = {Faulkner, J.R. and Widener, D. and Smith, S. and Marsh, T. and Zabel, R.},
	date = {2018},
	langid = {english},
}

@report{felts_idaho_2020,
	title = {Idaho adult Chinook salmon monitoring},
	institution = {Idaho Department of Fish and Game},
	type = {Annual Report 2019.},
	author = {Felts, E. and Barnett, B. and Davison, M. and {McClure}, C. and Poole, J. and Hand, R. and Peterson, M. and Brown, E.},
	date = {2020},
	langid = {portuguese},
}

@book{ford_analyses_2007,
	location = {Seattle, {WA}},
	title = {Analyses to support a review of an {ESA} jeopardy consultation on fisheries impacting Lower Columbia River tule Chinook salmon},
	publisher = {National Marine Fisheries Service Northwest Fisheries Science Center and Northwest Regional Office},
	author = {Ford, M. and Sands, N. and {McElhany}, P. and Kope, R. and Simmons, D. and Dygert, P.},
	date = {2007},
	langid = {english},
}

@article{ford_status_2011,
	title = {Status review update for Pacific salmon and steelhead listed under the Endangered Species Act: Northwest},
	volume = {113},
	pages = {1--281},
	journaltitle = {{NOAA} Technical Memorandum {NWFSC}},
	author = {Ford, M. and Cooney, T. and {McElhany}, P. and Sands, N.J. and Weitkamp, L. and Hard, J.J. and {McClure}, M. and Kope, R. and Myers, J.M. and Albaugh, A. and Barnas, K. and Teel, D. and Moran, P. and Cowen, J.},
	date = {2011},
	langid = {english},
}

@book{ford_upper_2001,
	location = {Seattle, {WA}},
	title = {Upper Columbia River steelhead and spring Chinook salmon population structure and biological requirements, final report},
	publisher = {Northwest Fisheries Science Center},
	author = {Ford, M.J. and Budy, P. and Busack, C. and Chapman, D. and Cooney, T. and Fisher, T. and Geiselman, J. and Hillman, T. and Lukas, J. and Peven, C. and Toole, C. and Weber, E. and Wilson, P.},
	date = {2001},
	langid = {english},
}

@article{ford_using_2015,
	title = {Using parentage analysis to estimate rates of straying and homing in Chinook salmon (Oncorhynchus tshawytscha},
	volume = {24},
	pages = {1109--1121},
	number = {5},
	journaltitle = {Molecular Ecology},
	author = {Ford, M.J. and Murdoch, A. and Hughes, M.},
	date = {2015},
	langid = {english},
}

@article{ford_broodstock_2016,
	title = {Broodstock history strongly influences natural spawning success in hatchery steelhead (Oncorhynchus mykiss},
	volume = {11},
	url = {https://doi.org/10.1371/journal.pone.0164801.},
	doi = {10.1371/journal.pone.0164801.},
	pages = {0164801},
	number = {10},
	journaltitle = {{PLoS} {ONE}},
	author = {Ford, M.J. and Murdoch, A.R. and Hughes, M.S. and Seamons, T.R. and {LaHood}, E.S.},
	date = {2016},
	langid = {english},
}

@article{ford_genetic_2004,
	title = {Genetic population structure of central Oregon coast coho salmon (Oncorhynchus kisutch},
	volume = {5},
	pages = {797--812},
	journaltitle = {Conservation Genetics},
	author = {Ford, M.J. and Teel, D. and Doornik, D.M. and Kuligowski, D. and Lawson, P.W.},
	date = {2004},
	langid = {french},
}

@book{frederiksen_yakima_2014,
	title = {Yakima Steelhead {VSP} Project: Yakima River steelhead population status and trends monitoring},
	pagetotal = {54},
	publisher = {Yakima Nation Fisheries \& Washington Department of Fish and Wildlife Report to the Bonneville Power Administration. Project},
	author = {Frederiksen, C.R. and Fast, D.E. and Bosch, W.J. and Temple, G.M.},
	date = {2014},
	langid = {english},
}

@article{galbraith_west_2019,
	title = {West coast British Columbia zooplankton biomass anomalies 2018. Pages 64-69},
	volume = {3314},
	journaltitle = {Canadian Technical Report of Fisheries and Aquatic Sciences},
	author = {Galbraith, M. and Young, K.},
	editor = {Boldt, J.L. and Leonard, J. and Chandler, P.S.},
	date = {2019},
	langid = {english},
}

@book{gleizes_lower_2014,
	title = {Lower Cowlitz River monitoring and evaluation, 2013},
	pagetotal = {66},
	publisher = {Washington Department of Fish and Wildlife},
	author = {Gleizes, C. and Serl, J. and Zimmerman, M. and Glaser, B. and Dammers, W.},
	date = {2014},
	langid = {english},
}

@report{good_updated_2005,
	title = {Updated status of federally listed {ESUs} of West Coast salmon and steelhead},
	institution = {{NOAA} Technical Memorandum {NMFS}-{NWFSC}-66},
	author = {Good, T.P. and Waples, R.S. and Adams, P.},
	date = {2005},
	langid = {english},
}

@report{gregory_yankee_2013,
	title = {Yankee Fork drainage fisheries summary and analysis. Final Report to Bureau of Reclamation.},
	pages = {57},
	author = {Gregory, J.S. and Wood, C.L.},
	date = {2013},
	langid = {english},
}

@article{groves_testing_2016,
	title = {Testing unmanned aircraft systems for salmon spawning surveys},
	volume = {1},
	pages = {187--204},
	journaltitle = {Facets},
	author = {Groves, P. and Alcorn, B. and Wiest, M. and Maselko, J. and Connor, W.},
	date = {2016},
	langid = {english},
}

@article{groves_evaluating_2013,
	title = {Evaluating salmon spawing habitat capacity using redd survey data},
	volume = {33},
	pages = {707--716},
	journaltitle = {North American Journal of Fisheries Management},
	author = {Groves, P.A. and Chandler, J.A. and Alcorn, B. and Richter, T.J. and Connor, W.P. and Garcia, A.P. and Bradbury, S.},
	date = {2013},
	langid = {english},
}

@book{gustafson_status_1997,
	title = {Status Review of Sockeye Salmon from Washington and Oregon},
	publisher = {{NOAA} Technical Memorandum {NMFS}-{NWFSC}-33},
	author = {Gustafson, R.S. and Wainwright, T.C. and Winans, G.A. and Waknitz, F.W. and Parker, L.T. and Waples, R.S.},
	date = {1997},
	langid = {english},
}

@report{haggerty_summary_2014,
	title = {A summary of Lake Ozette sockeye salmon run-size estimates for return years 2004 through 2012},
	pages = {103},
	author = {Haggerty, M.J.},
	date = {2014},
	langid = {english},
}

@incollection{haggerty_lake_2009,
	location = {Port Angeles, Washington},
	title = {Lake Ozette sockeye limiting factors analysis},
	booktitle = {Prepared for the Makah Indian Tribe and {NOAA} Fisheries in Cooperation with the Lake Ozette Sockeye Steering Committee},
	author = {Haggerty, M.J. and Ritchie, A.C. and Shellberg, J.G. and Crewson, M.J. and Jalonen, J.},
	date = {2009},
	langid = {english},
}

@article{hamm_development_2012,
	title = {Development and evaluation of a data dictionary to standardize salmonid habitat assessments in the Pacific Northwest},
	volume = {37},
	pages = {6--18},
	number = {1},
	journaltitle = {Fisheries},
	author = {Hamm, D.E.},
	date = {2012},
	langid = {english},
}

@book{harbeck_imnaha_2015,
	title = {Imnaha River steelhead Onchorhynchus mykiss adult monitoring project},
	volume = {number 2012-032-00},
	pagetotal = {92},
	publisher = {Nez Perce Tribe},
	author = {Harbeck, J.R. and Espinosa, N.P. and Shoudel, E.M.},
	date = {2015},
	langid = {english},
}

@book{hard_viability_2015,
	title = {Viability criteria for steelhead within the Puget Sound distinct population segment},
	publisher = {{NOAA} Technical Memorandum {NMFS}-{NWFSC}-129},
	author = {Hard, J.J. and Myers, J.M. and Conner, E.J. and Hayman, R.A. and Kope, R.G. and Lucchetti, G. and Marshall, A.R. and Pess, G.R. and Thompson, B.E.},
	date = {2015},
	langid = {english},
}

@book{hard_status_2007,
	title = {Status review of Puget Sound steelhead (Oncorhynchus mykiss},
	publisher = {{NOAA} Tech. Memo., {NMFS}-{NWFSC}-81},
	author = {Hard, J.J. and Myers, J.M. and Ford, M.J. and Kope, R.G. and Pess, G.R. and Waples, R.S. and Winans, G.A. and Berejikian, B.A. and Waknitz, F.W. and Adams, P.B. and Bisson, P.A. and Campton, D.E. and Reisenbichler, R.},
	date = {2007},
	langid = {english},
}

@report{hargrove_chinook_2020,
	title = {Chinook Salmon and steelhead genotyping for genetic stock identification at Lower Granite Dam},
	url = {https://collaboration.idfg.idaho.gov/},
	type = {Idaho Department of Fish and Game Report 20-05. Annual Report},
	author = {Hargrove, J.S. and Delomas, T. and {McCane}, J. and Davison, M. and Campbell, M. and Horn, R. and Narum, S.},
	date = {2020},
	langid = {english},
}

@article{hargrove_chinook_2021,
	title = {Chinook Salmon and steelhead genotyping for genetic stock identification at Lower Granite Dam},
	url = {https://collaboration.idfg.idaho.gov/FisheriesTechnicalReports/Res21-03Hargrove2020%20Chinook%20Salmon%20and%20Steelhead%20Genotyping%20for%20GSI%20at%20LGR.pdf},
	pages = {21--03},
	journaltitle = {Idaho Department of Fish and Game Report},
	author = {Hargrove, J. and Delomas, T. and {McCane}, J. and Davison, M. and Campbell, M.R.},
	date = {2021},
	langid = {english},
}

@book{harvey_ecosystem_2020,
	title = {Ecosystem Status Report of the California Current for 2019-20: A Summary of Ecosystem Indicators Compiled by the California Current Integrated Ecosystem Assessment Team ({CCIEA}},
	publisher = {{NOAA} Technical Memorandum {NMFS}-{NWFSC}-160},
	author = {Harvey, C. and Garfield, N.T. and Williams, G. and Tolimieri, N. and Andrews, K. and Barnas, K. and Bjorkstedt, E. and Bograd, S. and Borchert, J. and Braby, C.},
	date = {2020},
	langid = {english},
}

@book{harvey_rock_2014,
	title = {Rock Creek fish and habitat assessment for prioritization of restoration and protection actions. June 1, 2008},
	pagetotal = {264},
	publisher = {Yakima Indian Nation Fisheries Department Report to Bonneville Power Administration},
	author = {Harvey, E.},
	date = {2014},
	langid = {english},
}

@article{hawkins_wdfw_2004,
	title = {{WDFW} Fish Program, Science Division, Conservation Biology},
	journaltitle = {Genetics Laboratory},
	author = {Hawkins, D.},
	date = {2004},
	langid = {french},
}

@misc{hccc_hood_2005,
	title = {Hood Canal and Eastern Strait of Juan de Fuca summer chum salmon recovery plan},
	author = {{H.C.C.C.}},
	editor = {Scott Brewer, Prepared and Watson, Jay and Christensen, Dave and Version, Richard Brocksmith Draft},
	date = {2005},
	langid = {english},
}

@incollection{hebdon_evaluating_2004,
	title = {Evaluating reintroduction strategies for redfish lake sockeye salmon captive broodstock progeny},
	volume = {44},
	booktitle = {Propagated Fish in Resource Management},
	author = {Hebdon, J.L. and Kline, P. and Taki, D. and Flagg, T.A.},
	editor = {Nickum, M.J. and Mazik, P.M. and Nickum, J.G. and Mackinlay, D.D.},
	date = {2004},
	langid = {english},
	note = {Type: Pages 401-413},
}

@misc{hershberger_genetic_1982,
	title = {Genetic analysis of the sockeye salmon (Oncorhynchus nerka) returning to Lake Ozette, report dated 1982},
	author = {Hershberger, W. and Seeb, J. and Aebersold, P.},
	date = {1982},
	langid = {english},
}

@book{hillman_monitoring_2015,
	location = {Prepared for},
	title = {Monitoring and evaluation of the Chelan and Grant County {PUDs} Hatchery Programs},
	pagetotal = {748},
	publisher = {{HCP} Hatchery Committee and {PRCC} Hatchery Sub-Committee Wenatchee and Ephrata, {WA}},
	author = {Hillman, T. and Miller, M. and Willard, C. and Johnson, M. and Moran, C. and Tonseth, M. and Murdoch, A. and Ishida, B. and Kamphaus, C. and Pearsons, T. and Graf, P.},
	date = {2015},
	langid = {english},
}

@incollection{hinton_lake_2016,
	title = {Lake Ozette sockeye resource management plan final report},
	volume = {98357},
	pages = {57},
	booktitle = {Makah Fisheries Management. P.O. Box 115, Neah Bay, {WA}},
	author = {Hinton, J. and Cooke, L.},
	date = {2016},
	langid = {english},
}

@incollection{hinton_lake_2019,
	location = {Neah Bay, {WA}},
	title = {Lake Ozette sockeye resource management plan 2015 \& 2016 final report},
	volume = {98357},
	pages = {114},
	booktitle = {Makah Fisheries Management. P.O. Box 115},
	author = {Hinton, J. and Cooke, L.},
	date = {2019},
	langid = {english},
}

@article{homel_chum_2014,
	title = {Chum Salmon reintroduction plan},
	pages = {200},
	journaltitle = {Draft. Oregon Department of Fish and Wildlife},
	author = {Homel, K.},
	date = {2014},
	langid = {english},
	note = {Place: Clackamas
Publisher: {OR}},
}

@article{hsrg_columbia_2009,
	title = {Columbia River Hatchery Reform System-Wide Report},
	pages = {272},
	journaltitle = {Scientific Review Group},
	author = {{H.S.R.G.}},
	date = {2009},
	langid = {english},
}

@article{ictrt_independent_2003,
	title = {Independent Populations of Chinook, Steelhead, and Sockeye for Listed Evolutionarily Significant Units Within the Interior Columbia River Domain},
	journaltitle = {Working Draft},
	author = {{I.C.T.R.T.}},
	date = {2003},
	langid = {english},
}

@misc{noauthor_ictrt_2007,
	title = {{ICTRT} (Interior Columbia River Technical Recovery Team},
	url = {http://www.nwfsc.noaa.gov/trt/trt_viability.cfm.},
	date = {2007},
	langid = {english},
}

@report{ictrt_current_2010,
	title = {Current status reviews: Interior Columbia basin {ESUs} and {DPSs}},
	pages = {812},
	institution = {Snake River Basin {ESUs}/{DPS}. Interior Columbia Recovery Team},
	author = {{ICTRT}},
	date = {2010},
	langid = {english},
}

@misc{iptdsw_-stream_2020,
	title = {In-stream {PIT}-tag detection systems workgroup report to {NOAA} Fisheries for 5-Year {ESA} Status Review: Snake River Basin Steelhead and Chinook Salmon Population Abundance, Life History, and Diversity Metrics Calculated from In-stream {PIT}-Tag Observations ({SY}2010-{SY}2019},
	url = {https://collaboration.idfg.idaho.gov/FisheriesTechnicalReports/NMFS%20Status%20Assessment%20Report%20Snake%20River%20Basin.pdf.},
	author = {{I.P.T.D.S.W.}},
	date = {2020},
	langid = {english},
}

@article{jacox_multiyear_2018,
	title = {Multiyear extreme ocean temperatures with impacts on living marine resources off the {US} west coast during 2016},
	volume = {99},
	pages = {27-- 33},
	journaltitle = {Bulletin of the American Meteorological Society},
	author = {Jacox, M.G. and Alexander, M. and Mantua, N. and Scott, J. and Hervieux, G. and Webb, R. and Werner, F.},
	date = {2018},
	langid = {english},
}

@report{jepson_migratory_2015,
	title = {Migratory behavior, run timing, and distribution of radio-tagged adults winter steelhead, summer steelhead, spring Chinook salmon, and coho salmon in the Willamette River: 2011-2014},
	pages = {117},
	type = {Technical Report 2015-1-{DRAFT}.},
	author = {Jepson, M.A. and Keefer, M.L. and Caudill, C.C. and Clabough, T.S. and Erdman, C.S. and Blubaugh, T. and Sharpe, C.S.},
	date = {2015},
	langid = {english},
}

@report{jepson_migratory_2013,
	title = {Migratory behavior, run timing, and distribution of radio-tagged adults winter steelhead, summer steelhead, and spring Chinook salmon in the Willamette River-2012},
	pages = {103},
	institution = {U.S. Army Corps of Engineers},
	type = {Technical Report 2013-1.},
	author = {Jepson, M.A. and Keefer, M.L. and Caudill, C.C. and Clabough, T.S. and Sharpe, C.S.},
	date = {2013},
	langid = {english},
}

@report{jepson_migratory_2014,
	title = {Migratory behavior, run timing, and distribution of radio-tagged adults winter steelhead, summer steelhead, and spring Chinook salmon in the Willamette River-2013},
	pages = {110},
	institution = {U.S. Army Corps of Engineers},
	type = {Technical Report 2014-4.},
	author = {Jepson, M.A. and Keefer, M.L. and Clabough, T.S. and Caudill, C.C. and Sharpe, C.S.},
	date = {2014},
	langid = {english},
}

@report{jezorek_juvenile_2018,
	title = {Juvenile salmonid monitoring following removal of Condit Dam in the White Salmon River watershed, Washington, 2017: U.S},
	url = {https://doi.org/10.3133/ofr20181106.},
	pages = {31},
	type = {Geological Survey Open-File Report 2018-1106,},
	author = {Jezorek, I.G. and Hardiman, J.M.},
	date = {2018},
	langid = {english},
	doi = {10.3133/ofr20181106.},
}

@article{johnson_snake_2020,
	title = {Snake River Sockeye Salmon captive broodstock program, research element 2018-2019},
	number = {20},
	journaltitle = {Idaho Department of Fish and Game Report},
	author = {Johnson, E. and Plaster, K. and Nemeth, Z. and Powell, J.},
	date = {2020},
	langid = {english},
	note = {Place: Bonneville Power administration
Type: Annual Report.},
}

@book{johnson_genetic_2013,
	location = {Task Order Number},
	title = {Genetic stock identification and relative natural production of Willamette River steelhead},
	publisher = {{US} Army Corps of Engineers},
	author = {Johnson, M.A. and Friesen, T.A. and Teel, D.J. and Doornik, D.M.},
	date = {2013},
	langid = {english},
}

@article{johnson_snake_2019,
	title = {Snake River Sockeye Salmon captive broodstock program, research element 2017-2018},
	number = {19},
	journaltitle = {Idaho Department of Fish and Game Report},
	author = {Johnson, E. and Plaster, K. and Kozfkay, C. and Powell, J.},
	date = {2019},
	langid = {english},
	note = {Place: Bonneville Power administration
Type: Annual Report.},
}

@report{johnson_genetic_2018,
	title = {Genetic influence from hatchery stocks on upper Willamette River steelhead Oncorhynchus mykiss. Oregon Department of Fish and Wildlife},
	type = {{ODFW} Information Report Series 2018-03.},
	author = {Johnson, M. and Friesen, T. and Doornik, D. and Teel, D. and Myers, J.},
	date = {2018},
	langid = {english},
}

@article{johnson_genetic_2014,
	title = {Genetic diversity and population structure of spring Chinook salmon from the upper Willamette River, Oregon},
	volume = {34},
	pages = {853--862},
	number = {4},
	journaltitle = {North American Journal of Fisheries Management},
	author = {Johnson, M.A. and Friesen, T.A.},
	date = {2014},
	langid = {english},
}

@article{johnson_genetic_2021,
	title = {Genetic interactions among native and introduced stocks of Oncorhynchus mykiss in the upper Willamette River, Oregon},
	volume = {22},
	pages = {111--124},
	number = {1},
	journaltitle = {Conservation Genetics},
	author = {Johnson, M.A. and Friesen, T.A. and Doornik, D.M. and Teel, D.J. and Myers, J.M.},
	date = {2021},
	langid = {english},
}

@misc{johnson_status_1997,
	title = {Status review of chum salmon from Washington, Oregon, and California},
	author = {Johnson, O.W. and Grant, W.S. and Kope, R.G. and Neely, K. and Waknitz, F.W. and {Waples}},
	date = {1997},
	langid = {english},
}

@article{johnstone_atmospheric_2014,
	title = {Atmospheric controls on northeast Pacific temperature variability and change, 1900-2012},
	volume = {111},
	pages = {14360--14365},
	number = {40},
	journaltitle = {Proceedings of the National Academy of Sciences of the United States of America},
	author = {Johnstone, J.A. and Mantua, N.J.},
	date = {2014},
	langid = {english},
}

@article{jones_massive_2018,
	title = {Massive mortality of a planktivorous seabird in response to a marine heatwave},
	volume = {45},
	pages = {3193--3202},
	number = {7},
	journaltitle = {Geophysical Research Letters},
	author = {Jones, T. and Parrish, J.K. and Peterson, W.T. and Bjorkstedt, E.P. and Bond, N.A. and Ballance, L.T. and Bowes, V. and Hipfner, J.M. and Burgess, H.K. and Dolliver, J.E.},
	date = {2018},
	langid = {english},
}

@article{katz_freshwater_2007,
	title = {Freshwater Habitat Restoration Actions in the Pacific Northwest: A Decade’s Investment in Habitat Improvement},
	volume = {15},
	pages = {494--505},
	number = {3},
	journaltitle = {Restoration Ecology},
	author = {Katz, S.L. and Barnas, K. and Hicks, R. and Cowen, J. and Jenkinson, R.},
	date = {2007},
	langid = {english},
}

@report{keefer_evaluation_2018,
	title = {Evaluation of adult Chinook salmon behavior at the Foster Dam adult fish facility and in Foster Dam Reservoir on the South Santiam River},
	pages = {95},
	type = {Technical Report 2018-3 Final.},
	author = {Keefer, M. and Clabough, T. and Jepson, M. and Blubaugh, T. and Brink, G. and Naughton, G. and Boggs, C. and Caudill, C.},
	date = {2018},
	langid = {english},
}

@article{keefer_transporting_2008,
	title = {Transporting juvenile salmonids around dams impairs adult migration},
	volume = {18},
	pages = {1888--1900},
	number = {8},
	journaltitle = {Ecological Applications},
	author = {Keefer, M.L. and Caudill, C.C. and Peery, C.A. and Lee, S.R.},
	date = {2008},
	langid = {english},
}

@article{kemmerich_letter_1939,
	title = {Letter to Dr. R.E},
	pages = {1 4},
	journaltitle = {Miscellaneous sockeye runs to streams in Washington. File 1510.1-1},
	author = {Kemmerich, J.},
	date = {1939},
	langid = {english},
	note = {Place: Robson Street, Vancouver, B.C., Canada
Publisher: Pacific Salmon Commission Library},
}

@article{kendall_declining_2017,
	title = {Declining patterns of Pacific Northwest steelhead trout (Oncorhynchus mykiss) adult abundance and smolt survival in the ocean},
	volume = {74},
	pages = {1275--1290},
	number = {8},
	journaltitle = {Canadian Journal of Fisheries and Aquatic Sciences},
	author = {Kendall, N.W. and Marston, G.W. and Klungle, M.M.},
	date = {2017},
	langid = {english},
}

@article{kostow_effect_2006,
	title = {The effect of an introduced summer steelhead hatchery stock on the productivity of a wild winter steelhead population},
	volume = {135},
	pages = {825--841},
	number = {3},
	journaltitle = {Transactions of the American Fisheries Society},
	author = {Kostow, K.E. and Zhou, S.J.},
	date = {2006},
	langid = {english},
}

@article{kozfkay_productivity_2019,
	title = {The productivity and viability of Snake River sockeye salmon hatchery adults released into Redfish Lake, Idaho},
	volume = {148},
	pages = {308--323},
	number = {2},
	journaltitle = {Transactions of the American Fisheries Society},
	author = {Kozfkay, C.C. and Peterson, M. and Sandford, B.P. and Johnson, E.L. and Kline, P.},
	date = {2019},
	langid = {english},
}

@article{larsen_groundwater_2018,
	title = {Groundwater is key to salmonid persistence and recruitment in intermittent Mediterranean-climate streams},
	volume = {54},
	pages = {8909--8930},
	number = {11},
	journaltitle = {Water Resources Research},
	author = {Larsen, L.G. and Woelfle-Erskine, C.},
	date = {2018},
	langid = {english},
}

@article{larson_rapid_2018,
	title = {Rapid discovery of {SNPs} that differentiate hatchery steelhead trout from {ESA}-listed natural-origin steelhead trout using a 57K {SNP} array},
	volume = {75},
	pages = {1160--1168},
	number = {7},
	journaltitle = {Canadian Journal of Fisheries and Aquatic Sciences},
	author = {Larson, W.A. and Palti, Y. and Gao, G. and Warheit, K.I. and Seeb, J.E.},
	date = {2018},
	langid = {english},
}

@report{lawry_wild_2020,
	title = {Wild adult steelhead and Chinook Salmon abundance and composition at Lower Granite Dam, spawn year 2019},
	type = {Annual Report.},
	author = {Lawry, K.M. and Camacho., C. and Hargrove, J. and Delomas, T. and Davison, M. and Dobos, M. and Schrader, W. and Copeland, T. and Campbell, M.},
	date = {2020},
	langid = {english},
}

@book{lawson_estimating_1992,
	location = {Ocean Salmon Management, Newport, {OR}},
	title = {Estimating Time Series of Oregon Coastal Natural Coho Salmon Ocean Harvest Rates and Recruitment - Draft Report},
	publisher = {Oregon Department of Fish and Wildlife},
	author = {Lawson, P.},
	date = {1992},
	langid = {english},
}

@misc{lawson_identification_2007,
	title = {Identification of historical populations of coho salmon (Oncorhynchus kisutch) in the Oregon coast evolutionarily significant unit},
	publisher = {{NMFS}-{NWFSC}-79},
	author = {Lawson, P.W. and Bjorkstedt, E.P. and Chilcote, M.W. and Huntington, C.W. and Mills, J.S. and Moores, K.M. and Nickelson, T.E. and Reeves, G.H. and Stout, H.A. and Wainwright, T.C. and Weitkamp, L.A.},
	date = {2007},
	langid = {english},
	note = {Pages: 129
Type: {NOAA} Tech. Memo.,},
}

@misc{lcfrb_summary_2020,
	title = {Summary of actions addressing threats criteria. Lower Columbia Fish Recovery Board comments on the 5-years status review for Pacific salmon and},
	author = {{L.C.F.R.B.}},
	date = {2020},
	langid = {english},
	note = {Pages: 67},
}

@book{lestelle_updated_2020,
	title = {Updated viability analysis for the Hood Canal Summer Chum {ESU} with data through return year 2019},
	publisher = {Hood Canal Coordinating Council},
	author = {Lestelle, L.},
	date = {2020},
	langid = {english},
}

@article{lestelle_guidance_2014,
	title = {Guidance for updating recovery goals for the Hood Canal and Strait of Juan de Fuca Summer Chum Salmon populations},
	pages = {123},
	journaltitle = {Draft Manu},
	author = {Lestelle, L. and Brocksmith, R. and Johnson, T. and Sands, N.},
	date = {2014},
	langid = {english},
	note = {Place: Poulsbo
Publisher: {WA}},
}

@book{lestelle_recovery_2018,
	location = {Poulsbo, {WA}},
	title = {Recovery Goal Review and updated guidance for the Hood Canal Summer Chum salmon {ESU}},
	publisher = {Hood Canal Coordinating Council},
	author = {Lestelle, L. and Sands, N. and Johnson, T. and Downen, M.},
	date = {2018},
	langid = {english},
}

@book{lewis_noaa_2015,
	title = {{NOAA} Fisheries {DSS} for Oregon Coast Coho {ESU}},
	publisher = {Report by Mark Lewis, Oregon Department of Fish and Wildlife, Corvallis Research Lab},
	author = {Lewis, M.},
	date = {2015},
	langid = {english},
}

@book{lewis_noaa_2020,
	location = {Salem, Oregon},
	title = {{NOAA} Fisheries {DSS} for Oregon Coast Coho {ESU}: 2020 Five Year Status Review Update},
	publisher = {Oregon Department of Fish and Wildlife},
	author = {Lewis, M.},
	date = {2020},
	langid = {english},
}

@report{liedtke_evaluation_2013,
	title = {Evaluation of the behavior and movement patterns of adult coho salmon and steelhead in the North Fork Toutle River, Washington, 2005–2009: U.S},
	url = {http://dx.doi.org/10.3133/ofr20131290.},
	pages = {26 ,},
	type = {Geological Survey Open-File Report 2013-1290,},
	author = {Liedtke, T.L. and Kock, T.J. and Rondorf, D.W.},
	date = {2013},
	langid = {english},
	doi = {10.3133/ofr20131290.},
}

@misc{lindley_grimes_2009,
	title = {Grimes, and 24 coauthors},
	author = {Lindley, S.T. and B, C.},
	date = {2009},
	langid = {portuguese},
}

@article{macdonald_state_2019,
	title = {State of the Salmon: informing the survival of Fraser sockeye returning in 2019 through life cycle observations},
	volume = {3336},
	pages = {60},
	journaltitle = {Canadian Technical Report on Fisheries and Aquatic Sciences},
	author = {{MacDonald}, B.L. and Grant, S.C. and Patterson, D.A. and Robinson, K.A. and Boldt, J.L. and Benner, K. and King, J. and Pon, L. and Selbie, D.T. and Neville, C.M.},
	date = {2019},
	langid = {english},
}

@book{mapes_evaluation_2017,
	title = {Evaluation of the trap and transport of adult steelhead above {USACE} project dams in the Upper Willamette Basin},
	pagetotal = {–09–01–},
	publisher = {Oregon Department of Fish and Wildlife. {USACE} Project Study Code},
	author = {Mapes, R. and Sharpe, C. and Friesen, T.},
	date = {2017},
	langid = {english},
}

@article{marshall_report_1997,
	title = {Report on the genetic analysis of Abernathy Creek juvenile Chinook. Investigation of natural production by Rogue River stock hatchery-origin Chinook},
	pages = {13},
	journaltitle = {Department of Fish and Wildlife. Fish Management Program},
	author = {Marshall, A.R.},
	date = {1997},
	langid = {english},
}

@report{matala_genetic_2012,
	title = {Genetic evaluation of Steelhead trout (Oncorhynchus mykiss) in the Rock Creek watershed of the middle Columbia Basin},
	pages = {5},
	institution = {Columbia River Intertribal Fish Commission},
	type = {Technical Report 12-06.},
	author = {Matala, A.},
	date = {2012},
	langid = {english},
}

@article{mattson_spawning_1948,
	title = {Spawning ground studies of Willamette River spring chinook salmon},
	volume = {1},
	pages = {21--32},
	number = {2},
	journaltitle = {Fish Commission of Oregon},
	author = {Mattson, C.R.},
	date = {1948},
	langid = {english},
}

@article{mccabe_unprecedented_2016,
	title = {An unprecedented coastwide toxic algal bloom linked to anomalous ocean conditions},
	volume = {43},
	number = {19},
	journaltitle = {Geophysical Research Letters},
	author = {{McCabe}, R.M. and Hickey, B.M. and Kudela, R.M. and Lefebvre, K.A. and Adams, N.G. and Bill, B.D. and Gulland, F.M. and Thomson, R.E. and Cochlan, W.P. and Trainer, V.L.},
	date = {2016},
	langid = {english},
}

@book{mcelhany_viable_2000,
	title = {Viable Salmonid Populations and the Recovery of Evolutionarily Significant Units},
	pagetotal = {156},
	publisher = {{NOAA} Technical Memorandum {NMFS}-{NWFSC}-42},
	author = {{McElhany}, P. and Ruckelshaus, M.H. and Ford, M.J. and Wainwright, T.C. and Bjorkstedt, E.P.},
	date = {2000},
	langid = {english},
}

@misc{metro_urban_2014,
	title = {Urban Growth Report. Investing in our communities},
	author = {{Metro}},
	date = {2014},
	langid = {english},
	note = {Pages: 30},
}

@book{mfm_makah_2015,
	location = {Neah Bay, {WA}},
	title = {Makah Fisheries Management). Appendix Lake Ozette Sockeye Hatchery Genetics Management Plan Extension Request supporting tables},
	publisher = {Prepared by Joseph Hinton, Makah Fisheries Hatchery Manager. Makah Fisheries Management},
	author = {{M.F.M.}},
	date = {2015},
	langid = {english},
}

@misc{mfm_lake_2020,
	title = {Lake Ozette sockeye resource management plan 2017 \& 2018 \& 2019 Final Report},
	author = {{M.F.M.}},
	date = {2020},
	langid = {french},
	note = {Pages: 121},
}

@book{mfm_lake_2000,
	title = {Lake Ozette sockeye - hatchery and genetic management plan – biological assessment, section 7 consultation},
	pagetotal = {219},
	publisher = {Makah Indian Tribe. Neah Bay, Washington},
	author = {{M.F.M.}},
	date = {2000},
	langid = {english},
}

@misc{milks_lyons_2018,
	title = {Lyons Ferry Hatchery evaluation fall Chinook salmon annual report: 2016},
	url = {http://www.fws.gov/lsnakecomplan/reports/WDFWreports.html.},
	publisher = {Washington Department of Fish and Wildlife},
	author = {Milks, D. and Oakerman, A.},
	date = {2018},
	langid = {english},
	note = {Place: Olympia, {WA}},
}

@article{miller_distribution_2019,
	title = {Distribution of pelagic thaliaceans, Thetys vagina and Pyrosoma atlanticum, during a period of mass occurrence within the California Current},
	volume = {60},
	pages = {94--108},
	journaltitle = {{CalCOFI} Rep},
	author = {Miller, R.R. and Santora, J.A. and Auth, T.D. and Sakuma, K.M. and Wells, B.K. and Field, J.C. and Brodeur, R.D.},
	date = {2019},
	langid = {english},
}

@article{moore_floating_2013,
	title = {A Floating Bridge Disrupts Seaward Migration and Increases Mortality of Steelhead Smolts in Hood Canal, Washington State},
	volume = {8},
	url = {https://doi.org/10.1371/journal.pone.0073427.},
	doi = {10.1371/journal.pone.0073427.},
	pages = {73427},
	number = {9},
	journaltitle = {{PLoS} {ONE}},
	author = {Moore, M. and Berejikian, B.A. and Tezak, E.P.},
	date = {2013},
	langid = {english},
}

@article{moore_population_2017,
	title = {Population, habitat, and marine location effects on early marine survival and behavior of Puget Sound steelhead smolts},
	volume = {8},
	number = {5},
	journaltitle = {Ecosphere},
	author = {Moore, M.E. and Berejikian, B.A.},
	date = {2017},
	langid = {english},
}

@article{moore_multi-population_2015,
	title = {Multi-population analysis of Puget Sound steelhead survival and migration behavior},
	volume = {537},
	pages = {217--232},
	journaltitle = {Marine Ecology Progress Series},
	author = {Moore, M.E. and Berejikian, B.A. and Goetz, F.A. and Berger, A.G. and Hodgson, S.S. and Connor, E.J. and Quinn, T.P.},
	date = {2015},
	langid = {english},
}

@article{moore_early_2010,
	title = {Early Marine Survival and Behavior of Steelhead Smolts through Hood Canal and the Strait of Juan de Fuca},
	volume = {139},
	pages = {49--61},
	number = {1},
	journaltitle = {Transactions of the American Fisheries Society},
	author = {Moore, M.E. and Berejikian, B.A. and Tezak, E.P.},
	date = {2010},
	langid = {english},
}

@article{morgan_recent_2019,
	title = {Recent ecosystem disturbance in the Northern California Current},
	volume = {44},
	pages = {465--474},
	number = {10},
	journaltitle = {Fisheries},
	author = {Morgan, C.A. and Beckman, B.R. and Weitkamp, L.A. and Fresh, K.L.},
	date = {2019},
	langid = {english},
}

@book{tribe_historical_2020,
	location = {Puyallup, {WA}},
	title = {Historical and contemporary structure of Chinook in the greater Lake Washington basin including the Cedar River},
	pagetotal = {8},
	publisher = {Muckleshoot Indian Tribe, Fisheries Department},
	author = {Tribe, Muckleshoot Indian},
	date = {2020},
	langid = {english},
}

@book{mullan_production_1992,
	title = {Production and habitat of salmonids in mid-Columbia River tributary streams, volume I},
	publisher = {U.S. Fish and Wildlife Service},
	author = {Mullan, J.W. and Williams, K.R. and Rhodus, G. and Hillman, T.W. and {McIntryre}, J.D.},
	date = {1992},
	langid = {english},
}

@article{murphy_shortterm_2019,
	title = {Short‐term reservoir draining to streambed for juvenile salmon passage and non‐native fish removal},
	volume = {12},
	number = {6},
	journaltitle = {Ecohydrology},
	author = {Murphy, C.A. and Taylor, G. and Pierce, T. and Arismendi, I. and Johnson, S.L.},
	date = {2019},
	langid = {english},
}

@report{muto_alaska_2020,
	title = {Alaska Marine Mammal Stock Assessments},
	author = {Muto, M.M. and Helker, V.T. and Delean, B. and Angliss, R. and Boveng, P.L. and Breiwick, J.M. and Brost, B. and Cameron, M. and Clapham, P. and Dahle, S.},
	date = {2020},
	langid = {portuguese},
}

@book{myers_historical_2006,
	title = {Historical population structure of Pacific salmonids in the Willamette River and Lower Columbia River Basins},
	publisher = {{NOAA} Technical Memorandum {NMFS}-{NWFSC}-73},
	author = {Myers, J. and Busack, B. and Rawding, D. and Marshall, A. and Teel, D. and Doornik, D. and Maher, M.},
	date = {2006},
	langid = {english},
}

@report{myers_upper_2018,
	title = {Upper Willamette River life cycle modeling and the potential effects of climate change},
	pages = {60},
	institution = {Army Corps of Engineers},
	type = {Report to the U.S.},
	author = {Myers, J. and Jorgensen, J. and Sorel, M. and Bond, M. and Nodine, T. and Zabel, R.},
	date = {2018},
	langid = {english},
}

@book{myers_identifying_2015,
	title = {Identifying historical populations of steelhead within the Puget Sound Distinct Population Segment},
	pagetotal = {155},
	publisher = {U.S. Dept. of Commerce, {NOAA} Technical Memorandum {NMFS}-{NWFSC}-128},
	author = {Myers, J.M. and Hard, J.J. and Connor, E.J. and Hayman, R.A. and Kope, R.G. and Lucchetti, G. and Marshall, A.R. and Pess, G.R. and Thompson, B.E.},
	date = {2015},
	langid = {english},
}

@misc{myers_status_1998,
	title = {Status review of chinook salmon from Washington},
	author = {Myers, J.M. and Kope, R. and Bryant, G. and Teel, D. and Lierheimer, L. and Wainwright, T. and Grant, W. and Waknitz, F.W. and Neely, K. and Lindley, S.T. and Waples, R.},
	date = {1998},
	langid = {english},
	note = {Place: Idaho, Oregon and California},
}

@article{nai_spring_2019,
	title = {Spring Chinook salmon spawning surveys in the Upper Willamette River Basin in 2018},
	pages = {51},
	journaltitle = {Final Report},
	author = {{N.A.I.}},
	date = {2019},
	langid = {english},
}

@article{nai_spring_2020,
	title = {Spring Chinook salmon spawning surveys in the Upper Willamette River Basin in 2019},
	pages = {47},
	journaltitle = {Final Report},
	author = {{N.A.I.}},
	date = {2020},
	langid = {english},
}

@article{nmfs_endangered_1999,
	title = {Endangered and threatened species; threatened status for three chinook salmon evolutionarily significant units ({ESUs}) in Washington and Oregon, and endangered status for one chinook salmon {ESU} in Washington},
	volume = {64},
	pages = {14308--14328},
	number = {56},
	journaltitle = {Federal Register},
	author = {{NMFS}},
	date = {1999},
	langid = {english},
}

@article{nmfs_endangered_1999-1,
	title = {Endangered and Threatened Species: Threatened Status for Two {ESUs} of Steelhead in Washington and Oregon},
	volume = {64},
	pages = {14517--14528},
	journaltitle = {Federal Register},
	author = {{NMFS}},
	date = {1999},
	langid = {english},
}

@report{nmfs_rap_2001,
	title = {{RAP} – A risk assessment procedure for evaluating harvest mortality on Pacific salmonids},
	institution = {National Marine Fisheries Service, Northwest Region, Sustainable Fisheries Division and Northwest Fisheries Science Center, Resource Utilization and Technology Division},
	author = {{NMFS}},
	date = {2001},
	langid = {english},
}

@report{nmfs_noaa_2004,
	title = {{NOAA} Fisheries' approach to making determinations pursuant to the Endangered Species Act about the effects of harvest actions on listed Pacific salmon and steelhead},
	institution = {National Marine Fisheries Service, Northwest Region, Sustainable Fisheries Division},
	author = {{NMFS}},
	date = {2004},
	langid = {english},
}

@report{nmfs_recovery_2007,
	title = {Recovery Plan for the Hood Canal and Eastern Strait of Juan de Fuca Summer Chum Salmon (Oncorhynchus keta)},
	url = {https://www.fisheries.noaa.gov/resource/document/hood-canal-eastern-strait-juan-de-fuca-summer-chum-salmon-recovery-plan},
	institution = {National Marine Fisheries Service, Northwest Region},
	author = {{NMFS}},
	date = {2007},
	langid = {english},
	note = {Place: Portland, {OR}},
}

@report{nmfs_endangered_2008,
	title = {Endangered Species Act Section 7(a)(2) Consultation Biological Opinion \& Magnuson-Stevens Fishery Conservation \& Management Act Essential Fish Habitat Consultation. Consultation on the "Willamette River Basin Flood Control Project"},
	author = {{NMFS}},
	date = {2008},
	langid = {english},
}

@report{nmfs_recovery_2009,
	location = {Portland},
	title = {Recovery plan for Lake Ozette sockeye salmon (Oncorhynchus nerka)},
	pages = {394},
	institution = {Prepared by {NOAA}’s National Marine Fisheries Service, Northwest Regional Office, Salmon Recovery Division},
	author = {{NMFS}},
	date = {2009},
	langid = {english},
}

@report{nmfs_endangered_2014,
	title = {Endangered Species Act Section 7(a)(2) Biological Opinion, Conference Opinion and Magnuson-Stevens Fishery Conservation and Management Act Essential Fish Habitat Consultation, Mud Mountain Dam, Operations and Maintenance},
	institution = {{NMFS}, West Coast Region},
	author = {{NMFS}},
	date = {2014},
	langid = {english},
}

@misc{nmfs_salmon_2014,
	title = {Salmon \& Steelhead survival through the {FCRPS}: Graphs \& Data},
	url = {http://www.westcoast.fisheries.noaa.gov/fish_passage/fcrps_opinion/salmon_and_steelhead_survival_through_the_fcrps.html.},
	author = {{NMFS}},
	date = {2014},
	langid = {english},
}

@report{nmfs_esa_2015,
	title = {{ESA} Recovery Plan for Snake River Sockeye Salmon (Oncorhynchus nerka)},
	url = {https://www.fisheries.noaa.gov/resource/document/recovery-plan-snake-river-sockeye-salmon-oncorhynchus-nerka.},
	author = {{NMFS}},
	date = {2015},
	langid = {english},
}

@report{nmfs_endangered_2017,
	title = {Endangered Species Act ({ESA}) 7(a)(2) Biological Opinion and Magnuson-Stevens fishery Conservation and Management Act Essential Fish Habitat ({EFH}) Consultation. {NOAA}'s National Marine Fisheries Service's implementation of the Mitchell Act final Environmental Impact Statement preferred alternative and administration of Mitchell Act hatchery funding},
	author = {{NMFS}},
	date = {2017},
	langid = {english},
}

@report{nmfs_esa_2017,
	title = {{ESA} Recovery plan for Snake River Fall Chinook salmon (Oncorhynchus tshawytscha},
	url = {https://www.fisheries.noaa.gov/resource/document/recovery-plan-snake-river-fall-chinook-salmon.},
	author = {{NMFS}},
	date = {2017},
	langid = {english},
}

@report{nmfs_recovery_2017,
	title = {Recovery plan for Snake River spring/summer Chinook salmon and Snake River Basin steelhead},
	url = {https://www.fisheries.noaa.gov/resource/document/recovery-plan-snake-river-spring-summer-chinook-salmon-and-snake-river-basin.},
	author = {{NMFS}},
	date = {2017},
	langid = {english},
}

@article{nmfs_notice_2018,
	title = {Notice of final determination and discussion of underlying biological and environmental analyses; notice of availability of Finding of No Significant Impact},
	volume = {83},
	pages = {32283--32284},
	number = {134},
	journaltitle = {Federal Register},
	author = {{NMFS}},
	date = {2018},
	langid = {english},
}

@report{nmfs_endangered_2019,
	title = {Endangered Species Act Section 7(a)(2) Biological Opinion, Conference Opinion and Magnuson-Stevens Fishery Conservation and Management Act Essential Fish Habitat Consultation, Howard Hanson Dam, Operations and Maintenance Green River ({HUC}17110013) King County, Washington},
	institution = {{NMFS}, West Coast Region},
	author = {{NMFS}},
	date = {2019},
	langid = {english},
}

@report{nmfs_esa_2019,
	title = {{ESA} Recovery Plan for the Puget Sound Steelhead Distinct Population Segment (Oncorhynchus mykiss)},
	url = {https://www.fisheries.noaa.gov/resource/document/esa-recovery-plan-puget-sound-steelhead-distinct-population-segment-oncorhynchus.},
	pages = {174},
	institution = {National Marine Fisheries Service},
	author = {{NMFS}},
	date = {2019},
	langid = {english},
	note = {Place: Seattle, {WA}},
}

@report{nmfs_final_2019,
	location = {Seattle},
	title = {Final Environmental Impact Statement ({FEIS}) to Analyze Impacts of {NOAA}’s National Marine Fisheries Service Proposed Approval of Hatchery and Genetic Management Plans for spring Chinook salmon, steelhead, and rainbow trout in the Upper Willamette River Basin Pursuant to Section 7 and 4(d) of the Endangered Species Act},
	institution = {National Marine Fisheries Service},
	author = {{NMFS}},
	date = {2019},
	langid = {english},
}

@article{notch_outmigration_2020,
	title = {Outmigration survival of wild Chinook salmon smolts through the Sacramento River during historic drought and high water conditions},
	volume = {103},
	pages = {561--576},
	number = {5},
	journaltitle = {Environmental Biology of Fishes},
	author = {Notch, J.J. and {McHuron}, A.S. and Michel, C.J. and Cordoleani, F. and Johnson, M. and Henderson, M.J. and Ammann, A.J.},
	date = {2020},
	langid = {english},
}

@report{nwfsc_status_2015,
	title = {Status review update for Pacific salmon and steelhead listed under the Endangered Species Act: Pacific Northwest},
	url = {https://www.nwfsc.noaa.gov/assets/11/8623_03072016_124156_Ford-NWSalmonBioStatusReviewUpdate-Dec%2021-2015%20v2.pdf.},
	author = {{NWFSC}},
	date = {2015},
	langid = {english},
}

@report{omalley_genetic_2017,
	title = {Genetic parentage analysis of Fall Creek spring Chinook salmon: an evaluation of return timing and functional gene diversity},
	pages = {35},
	institution = {Oregon State University},
	author = {O'Malley, K. and Bohn, S.},
	date = {2017},
	langid = {english},
}

@report{odfw_oregon_2007,
	title = {Oregon Department of Fish and Wildlife. Oregon Coast Coho Conservation Plan for the State of Oregon},
	url = {http://www.dfw.state.or.us/fish/crp/docs/coastal_coho/final/Coho_Plan.pdf.},
	author = {{ODFW}},
	date = {2007},
	langid = {english},
	note = {Place: Salem, {OR}
Publisher: {ODFW}},
}

@report{odfw_joint_2020,
	title = {Joint staff report: stock status and fisheries for spring Chinook, summer Chinook, sockeye, steelhead, and other species},
	url = {https://wdfw.wa.gov/sites/default/files/2020-02/2020_or_wa_spring_joint_staff_report.pdf.},
	pages = {104},
	author = {{ODFW} and 2020a., WDFW.},
	date = {2020},
	langid = {english},
}

@report{odfw_joint_2020-1,
	title = {Joint staff report: Stock status and fisheries for fall chinook salmon, coho salmon, chum salmon, summer steelhead, and white sturgeon},
	url = {https://www.dfw.state.or.us/fish/OSCRP/CRM/reports/20_reports/2020_fall_jsr.pdf.},
	institution = {Joint Columbia River Management Staff Report},
	author = {{ODFW} and {WDFW}},
	date = {2020},
	langid = {english},
}

@article{ohlberger_effects_2018,
	title = {Effects of past and projected river discharge variability on freshwater production in an anadromous fish},
	volume = {63},
	pages = {331--340},
	number = {4},
	journaltitle = {Freshwater Biology},
	author = {Ohlberger, J. and Buehrens, T.W. and Brenkman, S.J. and Crain, P. and Quinn, T.P. and Hilborn, R.},
	date = {2018},
	langid = {english},
}

@book{fish_oregon_2021,
	location = {Salem, Oregon},
	title = {Oregon Coast Coho Conservation Plan:12-Year Plan Assessment, draft dated 4-2-2021},
	publisher = {Available at {ODFW}},
	author = {Fish, Oregon Department and {Wildlife}},
	date = {2021},
	langid = {estonian},
}

@misc{commission_treaty_2020,
	title = {Treaty between the government of Canada and the Government of the United States of America concerning Pacific Salmon},
	author = {Commission, Pacific Salmon},
	date = {2020},
	langid = {english},
	note = {Place: Vancouver, B.C},
}

@report{pakhomov_summary_2019,
	location = {Canada, Japan, Korea, Russia},
	title = {Summary of preliminary findings of the International Gulf of Alaska expedition onboard the R/V Professor Kaganovskiy during February 16–March 18, 2019},
	institution = {North Pacific Anadromous Fish Commission Doc},
	author = {Pakhomov, E. and Deeg, C. and Esenkulova, S. and Foley, G. and Hunt, B. and Ivanov, A. and Jung, H. and Kantakov, G. and Kanzeparova, A. and Khleborodov, A.},
	date = {2019},
	langid = {english},
}

@article{parkhurst_survey_1950,
	title = {Survey of the Columbia River and its tributaries. Part {VII}},
	pages = {19},
	number = {57},
	journaltitle = {U.S. Fish and Wildlife Service. Special Scientific Report, Fisheries},
	author = {Parkhurst, Z.},
	date = {1950},
	langid = {english},
}

@book{pearcy_ocean_1992,
	location = {Seattle},
	title = {Ocean ecology of North Pacific salmonids},
	publisher = {University of Washington Press},
	author = {Pearcy, W.G.},
	date = {1992},
	langid = {english},
}

@incollection{pearcy_ocean_2007,
	title = {The ocean ecology of salmon in the northeast Pacific Ocean - An abridged history},
	volume = {57},
	pages = {7--30},
	booktitle = {Ecology of Juvenile Salmon in the Northeast Pacific Ocean: Regional Comparisons},
	author = {Pearcy, W.G. and {McKinnell}, S.M.},
	editor = {Grimes, C.B. and Brodeur, R.D. and Haldorson, L.J. and {McKinnell}, S.M.},
	date = {2007},
	langid = {english},
}

@report{pearson_identifying_2015,
	location = {Olympia},
	title = {Identifying potential juvenile steelhead predators in the marine waters of the Salish Sea},
	institution = {Washington Department of Fish and Wildlife, Wildlife Science Division},
	author = {Pearson, S. and Jeffries, S. and Lance, M. and Thomas, A.},
	date = {2015},
	langid = {english},
}

@report{pess_initial_2020,
	title = {Initial response of Chinook salmon (Oncorhynchus tshawytscha) and steelhead (Oncorhynchus mykiss) to removal of two dams on the Elwha River},
	author = {Pess, G. and {McHenry}, M. and Denton, K. and Anderson, J. and Liermann, M.},
	date = {2020},
	langid = {english},
	note = {Place: Washington State, U.S.A},
}

@report{peterson_ocean_2019,
	title = {Ocean ecosystem indicators of salmon marine survival in the Northern California current},
	url = {https://www.cbfish.org/Document.mvc/Viewer/P178560.},
	pages = {97},
	author = {Peterson, W.T. and Fisher, J.L. and Morgan, C.A. and Zeman, S.M. and Burke, B.J. and Jacobson, K.C.},
	date = {2019},
	langid = {english},
	note = {Pages: 97},
}

@article{peterson_applied_2014,
	title = {Applied Fisheries Oceanography Ecosystem Indicators of Ocean Condition Inform Fisheries Management in the California Current},
	volume = {27},
	pages = {80--89},
	number = {4},
	journaltitle = {Oceanography},
	author = {Peterson, W.T. and Fisher, J.L. and Peterson, J.O. and Morgan, C.A. and Burke, B.J. and Fresh, K.L.},
	date = {2014},
	langid = {english},
}

@article{peterson_pelagic_2017,
	title = {The pelagic ecosystem in the Northern California Current off Oregon during the 2014–2016 warm anomalies within the context of the past 20 years},
	volume = {122},
	pages = {7267--7290},
	number = {9},
	journaltitle = {Journal of Geophysical Research: Oceans},
	author = {Peterson, W.T. and Fisher, J.L. and Strub, P.T. and Du, X. and Risien, C. and Peterson, J. and Shaw, C.T.},
	date = {2017},
	langid = {english},
}

@incollection{peterson_ocean_2014,
	title = {Ocean Ecosystem Indicators of Salmon Marine Survival in the Northern California Current},
	url = {https://www.fisheries.noaa.gov/west-coast/science-data/ocean-ecosystem-indicators-pacific-salmon-marine-survival-northern.},
	author = {Peterson, W.T. and Morgan, C.A. and Peterson, J.O. and Fisher, J.L. and Burke, B.J. and Fresh, K.},
	date = {2014},
	langid = {english},
}

@report{pfmc_review_2019,
	location = {Portland, Oregon},
	title = {Review of 2018 Ocean Salmon Fisheries: Stock Assessment and Fishery Evaluation Document for the Pacific Coast Salmon Fishery Management Plan},
	pages = {348},
	institution = {Pacific Fisheries Management Council},
	author = {{PFMC}},
	date = {2019},
	langid = {english},
	note = {Place:},
}

@report{pnptp_five-year_2014,
	location = {Olympia, {WA}},
	title = {Five-year review of the Summer Chum salmon Conservation Initiative for the period 2005 through 2013: Supplemental Report No. 8, Summer Chum Salmon Conservation Initiative – An implementation plan to recover summer chum salmon in the Hood Canal and Strait of Juan de Fuca region},
	pages = {237},
	institution = {Dept. Fish and Wildlife},
	author = {{PNPTP} and {WDFW}},
	date = {2014},
	langid = {english},
	note = {Place: 
Publisher: {WA}},
}

@misc{pnptc_letter_2020,
	title = {Letter from Randy Harder to Robert Markle},
	author = {{PNPTC}},
	date = {2020},
	langid = {english},
	note = {Place: Poulsbo, {WA}},
}

@misc{pollock_hydrologic_2003,
	title = {Hydrologic and geomorphic effects of beaver dams and their influence on fishes},
	publisher = {American Fisheries Society},
	author = {Pollock, M. and Heim, M. and Werner, D.},
	editor = {Gregory, S. and Boyer, K. and Gurnell, A.},
	date = {2003},
	langid = {english},
	note = {Place: Bethesda, {MD}
Type: Pages 213–233},
}

@book{pollock_beaver_2015,
	location = {Portland},
	title = {The beaver restoration guidebook: Working with beaver to restore streams, wetlands, and floodplains. Version 1.0},
	pagetotal = {189},
	publisher = {United States Fish and Wildlife Service},
	author = {Pollock, M. and Lewallen, G. and Woodruff, K. and Jordan, C. and Castro, J.},
	date = {2015},
	langid = {english},
}

@article{powell_contemporary_2020,
	title = {Contemporary genetic structure affects genetic stock identification of steelhead trout in the Snake River basin},
	volume = {10},
	pages = {10520--10531},
	number = {19},
	journaltitle = {Ecology and Evolution},
	author = {Powell, J.H. and Campbell, M.R.},
	date = {2020},
	langid = {english},
}

@report{poxon_abundance_2014,
	title = {Abundance, productivity and life history of Fifteen Mile Creek Steelhead},
	institution = {Oregon Department of Fish and Wildlife Report to Bonneville Power Administration},
	author = {Poxon, B.D. and Faber, D.M. and Ruzycki, J.R. and Carmichael, R.W.},
	date = {2014},
	langid = {english},
	note = {Place: Portland Oregon},
}

@book{team_planning_2002,
	location = {Seattle, {WA}},
	title = {Planning ranges and preliminary guidelines for the delisting and recovery of the Puget Sound Chinook salmon evolutionarily significant unit},
	publisher = {Northwest Fisheries Science Center},
	author = {Team, Puget Sound Technical Recovery},
	date = {2002},
	langid = {english},
}

@book{partnership_factors_2021,
	location = {Olympia, {WA}},
	title = {Factors Limiting progress in salmon recovery},
	publisher = {Salmon Science Advisory Group. Puget Sound Partnership},
	author = {Partnership, Puget Sound},
	date = {2021},
	langid = {english},
}

@incollection{qci_integrated_2013,
	title = {Integrated Status and Effectiveness Monitoring Project: Salmon Subbasin Cumulative Analysis Report: Sub-Report 3 – Estimating adult salmonid escapement using {IPTDS}},
	pages = {67--167},
	booktitle = {Quantitative Consultants, Inc. Report to {BPA}. Project \#2003-017-00},
	author = {{Q.C.I.}},
	date = {2013},
	langid = {italian},
}

@report{rawding_lower_2014,
	title = {Lower Columbia River fisheries and escapement evaluation in Southwest Washington},
	institution = {Washington Department of Fish and Wildlife},
	author = {Rawding, D. and Glaser, B. and Buehrens, T.},
	date = {2014},
	langid = {english},
}

@report{rawding_evaluation_2013,
	title = {Evaluation of the alignment of Lower Columbia River salmon and steelhead monitoring program with management decisions, questions, and objectives},
	pages = {133},
	institution = {Pacific Northwest Aquatic Monitoring Partnership},
	type = {Report 2012-001.},
	author = {Rawding, D. and Rodgers, J.},
	date = {2013},
	langid = {english},
}

@report{rawson_viability_2008,
	location = {Seattle, {WA}},
	title = {Viability Criteria for the Lake Ozette Sockeye Salmon {ESU}},
	pages = {39},
	institution = {Puget Sound Technical Recovery Team document. Northwest Fisheries Science Center},
	author = {Rawson, K. and Sands, N. and Currens, K. and Graeber, W. and Ruckelshaus, M. and Fuerstenberg, R. and Scott, J.},
	date = {2008},
	langid = {english},
}

@article{richins_steelhead_2018,
	title = {Steelhead overshoot and fallback rates in the Columbia–Snake River basin and the influence of hatchery and hydrosystem operations},
	volume = {38},
	pages = {1122--1137},
	number = {5},
	journaltitle = {North American Journal of Fisheries Management},
	author = {Richins, S.M. and Skalski, J.R.},
	date = {2018},
	langid = {english},
}

@report{ritchie_late_2009,
	location = {Port Angeles, Washington},
	title = {Late Quaternary Sediment Source and Deposition History of Lake Ozette},
	institution = {National Park Service U.S., Department of the Interior, Olympic National Park},
	type = {Report to:},
	author = {Ritchie, A. and Bourgeois, J.},
	date = {2009},
	langid = {english},
}

@report{rubenson_cowlitz_2019,
	title = {Cowlitz Falls North Shore Collector downstream fish evaluation 2019 draft summary progress report},
	pages = {43},
	author = {Rubenson, E. and Townsend, R. and Havey, M. and Murauskas, J. and Skalski, J. and Gonsalves, S.},
	date = {2019},
	langid = {english},
}

@book{ruckelshaus_independent_2006,
	title = {Independent populations of Chinook salmon in Puget Sound},
	pagetotal = {125},
	publisher = {{NOAA} Technical Memorandum {NMFS}-{NWFSC}-78},
	author = {Ruckelshaus, M.H. and Currens, K.P. and Graeber, W.H. and Fuerstenberg, R.R. and Rawson, K. and Sands, N.J. and Scott, J.B.},
	date = {2006},
	langid = {portuguese},
}

@report{salomone_bristol_2019,
	title = {Bristol Bay Area Annual Management Report},
	institution = {Alaska Dept. Fish and Game Fishery},
	author = {Salomone, P. and Elison, T. and Sands, T. and Head, J. and Lemons, T.},
	date = {2019},
	langid = {english},
	note = {Type: Management Report 19-12.},
}

@book{sands_determination_2009,
	title = {Determination of independent populations and viability criteria for the Hood Canal summer chum salmon evolutionarily significant unit},
	pagetotal = {58},
	publisher = {{NOAA} Technical Memorandum {NMFS}-{NWFSC}-101},
	author = {Sands, N.J. and Rawson, K. and Currens, K. and Graeber, W. and Ruckelshaus, M.H. and Fuerstenberg, R. and Scott, J.},
	date = {2009},
	langid = {english},
}

@article{satterthwaite_state-dependent_2010,
	title = {State-dependent life history models in a changing (and regulated) environment: steelhead in the California Central Valley},
	volume = {3},
	pages = {221--243},
	number = {3},
	journaltitle = {Evolutionary Applications},
	author = {Satterthwaite, W.H. and Beakes, M.P. and Collins, E.M. and Swank, D.R. and Merz, J.E. and Titus, R.G. and Sogard, S.M. and Mangel, M.},
	date = {2010},
	langid = {english},
}

@misc{savage_alaska_2017,
	title = {Alaska and British Columbia large whale unusual mortality event summary report. Protected Resources Division, {NOAA} Fisheries},
	url = {https://repository.library.noaa.gov/view/noaa/17715.},
	author = {Savage, K.},
	date = {2017},
	langid = {english},
	note = {Place: Juneau, {AK}},
}

@article{schroeder_juvenile_2016,
	title = {Juvenile life-history diversity and population stability of spring Chinook salmon in the Willamette River basin, Oregon},
	volume = {73},
	pages = {921--934},
	number = {6},
	journaltitle = {Canadian Journal of Fisheries and Aquatic Sciences},
	author = {Schroeder, R.K. and Whitman, L.D. and Cannon, B. and Olmsted, P.},
	date = {2016},
	langid = {english},
}

@book{seamons_examining_2012,
	title = {Examining the genetic structure of Wenatchee basin steelhead and evaluating the effects of the supplementation program},
	pagetotal = {49},
	publisher = {Washington Department of Fish and Wildlife report to Chelan County Public Utility District and the Rock Island Habitat Conservation Plan Hatchery Committee},
	author = {Seamons, T.R. and Young, S.F. and Bowman, C. and Warheit, K. and Murdoch, A.},
	date = {2012},
	langid = {english},
}

@book{serl_summary_2010,
	title = {Summary report for the 1996 to 2009 seasonal operation of the Cowlitz Falls Fish Facility and related Cowlitz Falls anadromous reintroduction program activities},
	pagetotal = {195},
	publisher = {Bonneville Power Administration},
	author = {Serl, J. and Morrill, C.},
	date = {2010},
	langid = {english},
}

@article{serl_data_2014,
	title = {Data summary for the 2014 operation of the Cowlitz Falls Fish Facility and related activities},
	pages = {42},
	journaltitle = {U.S. Dept. of Energy},
	author = {Serl, J.D. and Bouchard, L. and Heimbigner, D.},
	date = {2014},
	langid = {english},
}

@misc{sharpe_upper_2017,
	title = {Upper Willamette River steelhead monitoring in 2016},
	author = {Sharpe, C. and Mapes, B.},
	date = {2017},
	langid = {english},
}

@book{sharpe_abundance_2017,
	location = {Portland District Task Orders},
	title = {Abundance, distribution, diversity and survival of adult Chinook salmon in the Upper Willamette River: 2015 and 2016. Oregon Department of Fish and Wildlife},
	pagetotal = {141},
	publisher = {Prepared for the U.S. Army Corps of Engineers},
	author = {Sharpe, C. and Mapes, R. and Cannon, B. and Olmsted, P. and Sinnott, M. and {DeBow}, B. and Bailey, E. and Hoblit, T. and Friesen, T.},
	date = {2017},
	langid = {english},
}

@misc{simpson_hood_2020,
	title = {Hood River Production Program Monitoring and Evaluation Annual Progress Report for Calendar Year 2019. Oregon Department of Fish and Wildlife},
	publisher = {to Bonneville Power Administration},
	author = {Simpson, P.},
	date = {2020},
	langid = {english},
	note = {Place: Portland, Oregon},
}

@article{steingass_pinniped_2019,
	title = {Pinniped monitoring at Willamette Falls, 2018-2019},
	pages = {34},
	journaltitle = {Annual Report. Oregon Department of Fish and Wildlife},
	author = {Steingass, S. and Wright, B. and Owen, C. and Sandoval, K. and Brown, M. and Valentine, S. and Kroneberger, Z. and Riemer, S.},
	date = {2019},
	langid = {italian},
}

@incollection{stierhoff_distribution_2020,
	title = {Distribution, Biomass, and Demography of Coastal Pelagic Fishes in the California Current Ecosystem During Summer 2019 Based on Acoustic-Trawl Sampling},
	url = {https://repository.library.noaa.gov/view/noaa/23076.},
	booktitle = {{NOAA} Technical Memorandum {NMFS}-{SWFSC}-626},
	author = {Stierhoff, K.L. and Zwolinski, J.P. and Demer, D.A.},
	date = {2020},
	langid = {english},
}

@book{stout_scientific_2012,
	title = {Scientific conclusions of the status review for Oregon coast coho salmon (Oncorhynchus kisutch},
	pagetotal = {242},
	publisher = {{NOAA} Technical Memorandum {NMFS}-{NWFSC}-118},
	author = {Stout, H.A. and Lawson, P. and Bottom, D. and Cooney, T. and Ford, M. and Jordan, C. and Kope, R. and Kruzic, L. and Pess, G. and Reeves, G. and Scheuerell, M. and Wainwright, T. and Waples, R. and Weitkamp, L. and Williams, J. and Williams, T.},
	date = {2012},
	langid = {english},
}

@book{suring_technical_2017,
	location = {Salem, Oregon},
	title = {Technical revision to the marine survival forecast of the {OCN} Coho Work Group harvest matrix},
	publisher = {Oregon Department of Fish and Wildlife},
	author = {Suring, E.},
	date = {2017},
	langid = {english},
}

@report{suring_salmonid_2015,
	location = {Salem, {OR}},
	title = {Salmonid Life Cycle Monitoring in Western Oregon streams, 2012-2014},
	institution = {Oregon Department of Fish and Wildlife},
	type = {Monitoring Program Report Number {OPSW}-{ODFW}-2015-2,},
	author = {Suring, E. and Burns, P. and Constable, R. and Lorion, C. and Wiley, D.},
	date = {2015},
	langid = {english},
}

@article{suring_salmonid_2012,
	title = {Salmonid life-cycle monitoring in Western Oregon streams, 2009-2011},
	url = {https://nrimp.dfw.state.or.us/crl/reports/Annpro/LCMRpt0911.pdf.},
	journaltitle = {Oregon Department of Fish and Wildlife, Oregon Plan for Salmon and Watersheds, Monitoring Rep},
	author = {Suring, E. and Constable, R.J. and Lorion, C.M. and Miller, B.A. and Wiley, D.J.},
	date = {2012},
	langid = {english},
}

@book{susewind_letter_2020,
	location = {Portland},
	title = {Letter regarding Mid-Hood Canal Chinook salmon {ESA} status to Mr Robert Markle, {NOAA} Fisheries},
	publisher = {{OR} from Kelly Susewind},
	author = {Susewind, K.},
	date = {2020},
	langid = {english},
}

@article{tac_technical_2020,
	title = {Technical Advisory Committee Annual Report: Abundance, Stock Status, Harvest, and Endangered Species Act Impacts. Summary of 2019 Fisheries and Fish Runs},
	pages = {14--51,},
	journaltitle = {May},
	author = {{T.A.C.}},
	date = {2020},
	langid = {english},
}

@misc{takata_oregon_2011,
	title = {Oregon Lower Columbia River fall and winter Chinook spawning ground surveys 1952-2010. Oregon Department of Fish and Wildlife},
	author = {Takata, T.T.},
	date = {2011},
	langid = {english},
	note = {Pages: 22
Place: Columbia River Management},
}

@article{noauthor_state_2019,
	title = {State of the California current 2018–19: a novel anchovy regime and a new marine heatwave?},
	volume = {60},
	url = {https://calcofi.org/publications/calcofireports/v60/Vol60-SOTC2019.pdf.},
	pages = {1--61},
	journaltitle = {California cooperative oceanic fisheries investigations},
	date = {2019},
	langid = {english},
}

@book{tidwell_evaluation_2019,
	title = {Evaluation of pinniped predation on adult salmonids and other fish in the Bonneville Dam tailrace: 2017},
	publisher = {{US} Army Corps of Engineers},
	author = {Tidwell, K.S. and Leeuw, B.K. and Magill, L.N. and Carrother, B.A. and Wetheimer, R.H. and Bayley, K.N.},
	date = {2019},
	langid = {english},
}

@misc{tiffan_research_2020,
	title = {Research, Monitoring, and Evaluation of Emerging Issues and Measures to Recover the Snake River Fall Chinook Salmon {ESU}},
	url = {https://www.cbfish.org/Document.mvc/Viewer/P176701.},
	publisher = {U.S. Geological Survey, Western Fisheries Research Center},
	author = {Tiffan, K. and Perry, R.},
	date = {2020},
	langid = {english},
	note = {Place: Cook, {WA}},
}

@incollection{usgcrp_impacts_2018,
	location = {Washington, {DC}, {USA}},
	title = {Impacts, Risks, and Adaptation in the United States: Fourth National Climate Assessment},
	volume = {{II}},
	booktitle = {{USGCRP}, 2018: Impacts, Risks, and Adaptation in the United States: Fourth National Climate Assessment},
	publisher = {U.S. Global Change Research Program},
	author = {{U.S.G.C.R.P.} and Reidmiller, D.R. and Avery, C.W. and Easterling, D.R. and Kunkel, K.E. and Lewis, K.L.M. and Maycock, T.K. and C, B.},
	editor = {{editors.} and Reidmiller, D.R. and Avery, C.W. and Easterling, D.R. and Kunkel, K.E. and Lewis, K.L.M. and Maycock, T.K. and Stewart, B.C.},
	date = {2018},
	langid = {english},
	doi = {10.7930/NCA4.2018.},
}

@article{doornik_genetic_2015,
	title = {Genetic Population Structure of Willamette River Steelhead and the Influence of Introduced Stocks},
	volume = {144},
	pages = {150--162},
	number = {1},
	journaltitle = {Transactions of the American Fisheries Society},
	author = {Doornik, D.M. and Hess, M.A. and Johnson, M.A. and Teel, D.J. and Friesen, T.A. and Myers, J.M.},
	date = {2015},
	langid = {english},
}

@report{vu_chinook_2015,
	title = {Chinook and steelhead genotyping for genetic stock identification at Lower Granite Dam},
	type = {Idaho Department of Fish and Game Report 15-02. Annual Report, {BPA} Project 2010-026-00.},
	author = {Vu, N. and Ackerman, M. and Wright, K. and {McCane}, J. and Campbell, M. and Hess, J. and Narum, S.},
	date = {2015},
	langid = {english},
}

@incollection{wagner_seaward_1963,
	location = {Oregon},
	title = {The seaward migration and return of hatchery-reared steelhead trout, Salmo gairdneri Richardson},
	booktitle = {Alsea River},
	author = {Wagner, H.H. and Wallace, R.L. and Campbell, H.J.},
	date = {1963},
	langid = {english},
}

@book{wainwright_biological_2008,
	title = {Biological recovery criteria for the Oregon Coast coho salmon evolutionarily significant unit},
	pagetotal = {199},
	publisher = {{NOAA} Technical Memorandum {NMFS}-{NWFSC}-91},
	author = {Wainwright, T.C. and Chilcote, M.W. and Lawson, P.W. and Nickelson, T.E. and Huntington, C.W. and Mills, J.S. and Moores, K.M. and Reeves, G.H. and Stout, H.A. and Weitkamp, L.A.},
	date = {2008},
	langid = {portuguese},
}

@incollection{wainwright_measuring_2014,
	title = {Measuring Biological Sustainability via a Decision Support System: Experiences with Oregon Coast Coho Salmon. Pages 277-298},
	booktitle = {Decision Support for Environmental Management},
	publisher = {Springer},
	author = {Wainwright, T.C. and Lawson, P.W. and Reeves, G.H. and Weitkamp, L.A. and Stout, H.A. and Mills, J.S.},
	editor = {Reynolds, K.M. and Hessburg, P.F. and Bourgeron, P.S.},
	date = {2014},
	langid = {english},
}

@article{wainwright_effects_2013,
	title = {Effects of Climate Change on Oregon Coast Coho Salmon: Habitat and Life-Cycle Interactions},
	volume = {87},
	pages = {219--242},
	number = {3},
	journaltitle = {Northwest Science},
	author = {Wainwright, T.C. and Weitkamp, L.A.},
	date = {2013},
	langid = {english},
}

@book{wallis_evaluation_1963,
	title = {An evaluation of the North Santiam River Salmon Hatcheries},
	publisher = {Oregon Fish Commission Research Laboratory},
	author = {Wallis, J.},
	date = {1963},
	langid = {english},
}

@article{warheit_measuring_2014,
	title = {Measuring reproductive interaction between hatchery-origin and wild steelhead (Oncorhynchus mykiss) from northern Puget Sound populations potentially affected by segregated hatchery programs},
	pages = {92},
	journaltitle = {Washington Department of Fish and Wildlife. Final Report},
	author = {Warheit, K.},
	date = {2014},
	langid = {english},
}

@article{warner_changes_2015,
	title = {Changes in Winter Atmospheric Rivers along the North American West Coast in {CMIP}5 Climate Models},
	volume = {16},
	pages = {118--128},
	number = {1},
	journaltitle = {Journal of Hydrometeorology},
	author = {Warner, M.D. and Mass, C.F. and Salathe, E.P.},
	date = {2015},
	langid = {english},
}

@article{waterhouse_bayesian_2020,
	title = {A Bayesian nested patch occupancy model to estimate steelhead movement and abundance},
	journaltitle = {Ecological Applications:e02202},
	author = {Waterhouse, L. and White, J. and See, K. and Murdoch, A. and Semmens, B.X.},
	date = {2020},
	langid = {english},
}

@book{wdf_washington_1993,
	location = {Olympia, {WA}},
	title = {Washington State Salmon and Steelhead Stock Inventory},
	publisher = {Washington Department of Fisheries, Washington Department of Wildlife, Western Washington Treaty Indian Tribes},
	author = {WDF, W.D.W. and {W.W.T.I.T.}},
	date = {1993},
	langid = {english},
}

@misc{wdfw_puget_2016,
	title = {Puget Sound Steelhead Harvest Management Annual Report Covering the 2014-2015 Fishing Season},
	author = {{WDFW} and {P.S.I.T.}},
	date = {2016},
	langid = {english},
	note = {Pages: 11
Place: Olympia, Washington},
}

@misc{wdfw_puget_2017,
	title = {Puget Sound Steelhead Harvest Management Annual Report Covering the 2015-2016 Fishing Season},
	author = {{WDFW} and {P.S.I.T.}},
	date = {2017},
	langid = {english},
	note = {Place: Olympia, Washington},
}

@incollection{wdfw_puget_2018,
	location = {Olympia, Washington},
	title = {Puget Sound Steelhead Harvest Management Annual Report Covering the 2016-2017 Fishing Season},
	booktitle = {February 2018},
	author = {{WDFW} and {P.S.I.T.}},
	date = {2018},
	langid = {english},
}

@report{wdfw_puget_2019,
	title = {Puget Sound Steelhead Harvest Management Annual Report Covering the 2017-2018 Fishing Season},
	author = {{WDFW} and {P.S.I.T.}},
	date = {2019},
	langid = {english},
	note = {Pages: 13
Place: Olympia, Washington},
}

@report{wdfw_puget_2015,
	title = {Puget Sound Chinook Comprehensive Harvest Management Plan. Annual Report, The 2014-2015 Fishing Season},
	pages = {73},
	author = {{WDFW} and {P.S.T.I.T.}},
	date = {2015},
	langid = {english},
	note = {Place: Olympia, Washington},
}

@report{wdfw_puget_2016-1,
	location = {Olympia},
	title = {Puget Sound Chinook Comprehensive Harvest Management Plan. Annual Report, The 2015-2016 Fishing Season},
	pages = {121},
	institution = {Washington},
	author = {{WDFW} and {P.S.T.I.T.}},
	date = {2016},
	langid = {english},
}

@article{wdfw_puget_2017-1,
	title = {Puget Sound Chinook Comprehensive Harvest Management Plan. Annual Report, The 2016-2017 Fishing Season},
	pages = {90},
	journaltitle = {September},
	author = {{WDFW} and {P.S.T.I.T.}},
	date = {2017},
	langid = {english},
	note = {Place: Olympia, Washington},
}

@book{wdfw_puget_2018-1,
	location = {Olympia},
	title = {Puget Sound Chinook Comprehensive Harvest Management Plan. Annual Report, The 2017-2018 Fishing Season},
	pagetotal = {198},
	publisher = {November},
	author = {{WDFW} and {P.S.T.I.T.}},
	date = {2018},
	langid = {english},
}

@article{wdfw_puget_2019-1,
	title = {Puget Sound Chinook Comprehensive Harvest Management Plan. Annual Report, The 2018-2019 Fishing Season},
	pages = {78},
	journaltitle = {October},
	author = {{WDFW} and {P.S.T.I.T.}},
	date = {2019},
	langid = {english},
	note = {Place: Olympia, Washington},
}

@article{wdfw_puget_2020,
	title = {Puget Sound Chinook Comprehensive Harvest Management Plan. Annual Report, The 2019-2020 Fishing Season},
	pages = {78},
	journaltitle = {October},
	author = {{WDFW} and {P.S.T.I.T.}},
	date = {2020},
	langid = {english},
	note = {Place: Olympia, Washington},
}

@article{wdfw_joint_2019,
	title = {Joint staff report: Stock status and fisheries for fall chinook salmon, coho salmon, chum salmon, summer steelhead, and white sturgeon},
	volume = {75},
	url = {https://wdfw.wa.gov/publications/02085.},
	journaltitle = {Joint Columbia River Management Staff Report},
	author = {{WDFW} and {O.D.F.W.}},
	date = {2019},
	langid = {english},
}

@article{weigel_effectiveness_2019,
	title = {Effectiveness of a trap and transport program to boost a threatened population of steelhead (Oncorhynchus mykiss},
	volume = {18},
	journaltitle = {Draft Document},
	author = {Weigel, D. and Koch, I. and Monzyk, F. and Sharpe, C. and Narum, S. and Caudill, C.},
	date = {2019},
	langid = {english},
}

@article{weitkamp_stock-specific_2015,
	title = {Stock-specific size and timing at ocean entry of Columbia River juvenile Chinook salmon and steelhead: implications for early ocean growth},
	volume = {7},
	pages = {515--534},
	number = {1},
	journaltitle = {Marine and Coastal Fisheries},
	author = {Weitkamp, L.A. and Teel, D.J. and Liermann, M. and Hinton, S.A. and Doornik, D.M. and Bentley, P.J.},
	date = {2015},
	langid = {english},
}

@report{weitkamp_status_1995,
	location = {Oregon and California},
	title = {Status Review of Coho Salmon from Washington},
	institution = {{NOAA} Technical Memorandum {NMFS}-{NWFSC}-24},
	author = {Weitkamp, L.A. and Wainwright, T.C. and Bryant, G.J. and Milner, G.B. and Teel, D.J. and Kope, R.G. and Waples, R.S.},
	date = {1995},
	langid = {english},
}

@report{whitman_spring_2017,
	title = {Spring Chinook salmon in the Willamette and Sandy Rivers},
	pages = {30},
	institution = {Oregon Department of Fish and Wildlife},
	type = {Annual Progress Report. Project F-163-R-21/22.},
	author = {Whitman, L. and Cannon, B. and Hart, S.},
	date = {2017},
	langid = {english},
}

@report{widener_survival_2018,
	title = {Survival estimates for the passage of spring‐migrating juvenile salmonids through Snake and Columbia River dams and reservoirs, 2017},
	url = {https://www.webapps.nwfsc.noaa.gov/assets/26/9359_02262018_135356_Widener.et.al.2018-Spring-Survival-2017.pdf.},
	institution = {National Oceanic and Atmospheric Administration},
	author = {Widener, D.L. and Faulkner, J. and Smith, S. and Marsh, T. and {RW}, Z.},
	date = {2018},
	langid = {english},
}

@report{wilson_evaluation_2019,
	location = {Ridgefield},
	title = {Evaluation of adult fish weirs used to control the proportion of hatchery-origin fall Chinook salmon in six Washington Lower Columbia River tributaries, 2013-2017},
	pages = {118},
	institution = {Washington Department of Fish and Wildlife},
	author = {Wilson, J. and Buehrens, T. and Olk, E. and Quenette, J.},
	date = {2019},
	langid = {english},
}

@article{winans_dam_2018,
	title = {Dam trout: Genetic variability in Oncorhynchus mykiss above and below barriers in three Columbia River systems prior to restoring migrational access},
	volume = {13},
	url = {https://doi.org/10.1371/journal.pone.0197571.},
	doi = {10.1371/journal.pone.0197571.},
	pages = {0197571},
	number = {5},
	journaltitle = {{PLoS} {ONE}},
	author = {Winans, G.A. and Allen, M.B. and Baker, J. and Lesko, E. and Shrier, F. and Strobel, B. and Myers, J.},
	date = {2018},
	langid = {english},
}

@article{winans_genetic_2017,
	title = {Genetic characterization of Oncorhynchus mykiss prior to dam removal with implications for recolonization of the Elwha River Watershed, Washington},
	volume = {146},
	pages = {160--172},
	number = {1},
	journaltitle = {Transactions of the American Fisheries Society},
	author = {Winans, G.A. and Baker, J. and {McHenry}, M. and Ward, L. and Myers, J.},
	date = {2017},
	langid = {english},
}

@article{wright_willamette_2014,
	title = {Willamette Falls Pinniped Monitoring Project 2014},
	volume = {7118},
	journaltitle = {Oregon Department of Fish and Wildlife},
	author = {Wright, B. and Murtagh, T. and Brown, R.},
	date = {2014},
	langid = {swedish},
}

@article{young_snake_2020,
	title = {Snake River Fall Chinook Salmon Lower Granite Dam Run Reconstruction Report},
	url = {http://www.nptfisheries.org/PublicationLibrary.aspx.},
	journaltitle = {Return Year},
	author = {Young, W. and Rosenberger, A. and Oakerman, A. and Bumgarner, J. and Sandford, B. and Delomas, T.},
	date = {2020},
	langid = {english},
}

@misc{young_snake_2012,
	title = {Snake River Fall Chinook Salmon run reconstruction at Lower Granite dam},
	author = {Young, W. and Rosenberger, S. and Milks, D.J. and Sandford, B. and Ellis, S.},
	date = {2012},
	langid = {english},
}

@book{zabel_preliminary_2019,
	title = {Preliminary survival estimates for the passage of spring-migrating juvenile salmonids through Snake and Columbia River dams and Reservoirs},
	publisher = {Memorandum for {NMFS} West Coast Region},
	author = {Zabel, R.},
	date = {2019},
	langid = {english},
}

@book{zabel_life_2020,
	title = {Life Cycle Models of Interior Columbia River Basin Spring/Summer-Run Chinook Salmon Populations},
	publisher = {{NOAA} Technical Memorandum {NMFS}-{NWFSC}-156},
	author = {Zabel, R.W. and Jordan, C.E.},
	date = {2020},
	langid = {english},
}

@report{zador_ecosystem_2018,
	title = {Ecosystem Status Report 2018: Aleutian Islands},
	institution = {Report to the North Pacific Fishery Management Council},
	author = {Zador, S. and Ortiz, I.},
	date = {2018},
	langid = {english},
}

@report{zador_ecosystem_2019,
	title = {Ecosystem Status Report 2019: Gulf of Alaska},
	institution = {Report to the North Pacific Fishery Management Council},
	author = {Zador, S. and Yasumiishi, E. and Whitehouse, G.},
	date = {2019},
	langid = {english},
}

@report{zendt_white_2020,
	title = {White Salmon Subbasin Steelhead Spawning Survey Summary, 2012-2019},
	author = {Zendt, J.},
	date = {2020},
	langid = {english},
}

@article{zimmerman_population_2000,
	title = {Population structure of sympatric anadromous and nonanadromous Oncorhynchus mykiss: evidence from spawning surveys and otolith microchemistry},
	volume = {57},
	pages = {2152--2162},
	journaltitle = {Canadian Journal of Fisheries and Aquatic Sciences},
	author = {Zimmerman, C.E. and Reeves, G.H.},
	date = {2000},
	langid = {english},
}
